[
  {
    "date": "2023-06-29",
    "symbol": "AOXY",
    "period": "FY",
    "entityregistrantname": "ADVANCED OXYGEN TECHNOLOGIES, INC.",
    "entitycentralindexkey": 352991,
    "documenttype": "10-K",
    "amendmentflag": "false",
    "entityvoluntaryfilers": "No",
    "currentfiscalyearenddate": "--06-30",
    "entitywellknownseasonedissuer": "No",
    "entitysmallbusiness": "true",
    "entityshellcompany": "false",
    "entityemerginggrowthcompany": "false",
    "entitycurrentreportingstatus": "Yes",
    "documentperiodenddate": "June 30, 2023",
    "entityfilercategory": "Non-accelerated Filer",
    "documentfiscalperiodfocus": "FY",
    "documentfiscalyearfocus": 2023,
    "entityfilenumber": "0-9951",
    "entityincorporationstatecountrycode": "Delaware",
    "entitytaxidentificationnumber": "91-1143622",
    "entityaddressaddressline1": "C/O Crossfield, Inc.",
    "entityaddressaddressline2": "653 VT Route 12A",
    "entityaddressaddressline3": "PO Box 189",
    "entityaddresscityortown": "Randolph",
    "entityaddressstateorprovince": "VT",
    "entityaddresspostalzipcode": 5060,
    "cityareacode": 212,
    "localphonenumber": "727-7085",
    "security12btitle": "Common Stock, $0.01 Par Value",
    "tradingsymbol": "AOXY",
    "documentannualreport": "true",
    "documenttransitionreport": "false",
    "entityinteractivedatacurrent": "Yes",
    "auditorname": "Sadler, Gibb & Associates, LLC",
    "auditorlocation": "Draper, UT",
    "auditorfirmid": 3627,
    "cashandcashequivalentsatcarryingvalue": 104836,
    "valueaddedtaxreceivablecurrent": 1166,
    "assetscurrent": 106002,
    "propertyplantandequipmentnet": 591705,
    "assets": 697707,
    "depositcontractsliabilities": 3059,
    "taxespayablecurrent": 62523,
    "notespayablecurrent": 6930,
    "advancesfromarelatedpartycurrent": 147387,
    "liabilitiescurrent": 219899,
    "notespayable": 133959,
    "liabilitiesnoncurrent": 127029,
    "liabilities": 346928,
    "preferredstockvalue": 50,
    "commonstockvalue": 32929,
    "additionalpaidincapital": "null",
    "accumulatedothercomprehensiveincomelossnetoftax": 23019,
    "retainedearningsaccumulateddeficit": "-null",
    "stockholdersequity": 23019,
    "liabilitiesandstockholdersequity": 697707,
    "commonstockparorstatedvaluepershare": 0.01,
    "commonstocksharesauthorized": "null",
    "commonstocksharesissued": "null",
    "commonstocksharesoutstanding": 3292945,
    "preferredstockparorstatedvaluepershare": 0.01,
    "preferredstocksharesauthorized": "null",
    "preferredstocksharesissued": 5000,
    "preferredstocksharesoutstanding": 5000,
    "revenuesnetrentexpense": 39406,
    "revenues": 39406,
    "generalandadministrativeexpense": 7001,
    "professionalfees": 21201,
    "operatingexpenses": 28202,
    "incomelossfromcontinuingoperationsbeforeinterestexpenseinterestincomeincometaxesextraordinaryitemsnoncontrollinginterestsnet": 11204,
    "interestexpense": 771,
    "othernonoperatingincomeexpense": -771,
    "incomelossfromcontinuingoperationsbeforeincometaxesdomestic": 10433,
    "incometaxexpensebenefit": 8162,
    "netincomeloss": 2271,
    "weightedaveragenumberofbasicsharesoutstanding": "null",
    "weightedaveragenumberofsharesoutstandingdiluted": "null",
    "netincome": 2271,
    "othercomprehensiveincomeforeigncurrencytransactionandtranslationadjustmentnetoftaxportionattributabletoparent": 28839,
    "comprehensiveincomenetoftax": 31110,
    "sharesissued": "null",
    "othercomprehensiveincomeforeigncurrencytranslationgainlossarisingduringperiodtax": 28839,
    "costsandexpensesrelatedparty": 24251,
    "increasedecreaseinaccruedtaxespayable": 8874,
    "netcashprovidedbyusedinoperatingactivities": 35396,
    "repaymentsofrelatedpartydebt": 11921,
    "repaymentsoflongtermdebt": 17245,
    "netcashprovidedbyusedinfinancingactivities": -29166,
    "changeduetofxtranslation": 4389,
    "cashcashequivalentsrestrictedcashandrestrictedcashequivalentsperiodincreasedecreaseincludingexchangerateeffect": 10620,
    "cashcashequivalentsrestrictedcashandrestrictedcashequivalents": 104836,
    "interestpaidnet": 771,
    "incometaxespaid": 8162,
    "otherliabilitiescurrent": 3059,
    "antidilutivesecuritiesexcludedfromcomputationofearningspershareamount": 10000,
    "totalsalesbyrevenue": 39406,
    "totalrevanuesalesbygeographiclocation": 39406,
    "revenuefromcontractwithcustomerexcludingassessedtax": 39406,
    "finitelivedintangibleassetsforeigncurrencytranslationgainloss": 24849,
    "relatedpartytransuction": 24251,
    "proceedsfromrepaymentsofrelatedpartydebt": 11921,
    "longtermdebtmaturitiesrepaymentsofprincipalinyeartwo": 6930,
    "longtermdebtmaturitiesrepaymentsofprincipalinyearthree": 127029,
    "longtermdebt": 133959,
    "lesslongtermportionofnotespayable": 127029,
    "longtermdebtcurrent": 6930,
    "notespayabletobank": 6930,
    "longtermdebtpercentagebearingfixedinterestrate": 0.02,
    "lefttermyears": "P5Y",
    "capitalsleaseobligations": 17245,
    "interestpayablecurrent": 771,
    "operatingleasesfutureminimumpaymentduecurrent": 6930,
    "effectiveincometaxratereconciliationatfederalstatutoryincometaxrate": 0.21,
    "effectiveincometaxratereconciliationforeignincometaxratedifferential": 0.01,
    "effectiveincometaxratereconciliationnondeductibleexpenseother": 0.22,
    "othertaxexpensebenefit": 8162,
    "deferredtaxassetsoperatinglosscarryforwards": "null",
    "deferredtaxassetsvaluationallowance": "null",
    "deferredtaxassetsoperatinglosscarryforwardsstateandlocal": "null",
    "operatinglosscarryforwardstotaxableincome": 636466,
    "classofwarrantorrightexercisepriceofwarrantsorrights1": 5,
    "conversionofstocksharesissued1": 10000,
    "convertiblepreferredstocktermsofconversion": "There is 1 Series 5 Convertible Preferred shares designated. The shares are collectively convertible to common stock of the Company on March 5, 2004, in an amount equal to the greater of a.) 290,000 shares divided by the ten day closing price, prior to the date of acquisition of IPS, of the Companyâ€™s common stock as quoted on the national exchange and not to exceed twenty million shares, or b.) six million shares",
    "leaserevenues": 39406,
    "leaseincomeloss": 28935,
    "commissionincomelossfromsecurityproductsales": -2414,
    "corporateincomeloss": -24250,
    "totalsegmentprofitability": 2271,
    "revenuesnetofinterestexpense": 39406,
    "noncurrentassets": 591705,
    "operatingincomeloss": 11204,
    "interestexpensedebt": 771
  },
  {
    "date": "2022-06-29",
    "symbol": "AOXY",
    "period": "FY",
    "entityregistrantname": "ADVANCED OXYGEN TECHNOLOGIES, INC.",
    "entitycentralindexkey": 352991,
    "documenttype": "10-K",
    "amendmentflag": "false",
    "entityvoluntaryfilers": "No",
    "currentfiscalyearenddate": "--06-30",
    "entitywellknownseasonedissuer": "No",
    "entitysmallbusiness": "true",
    "entityshellcompany": "false",
    "entityemerginggrowthcompany": "false",
    "entitycurrentreportingstatus": "Yes",
    "documentperiodenddate": "2022-06-30",
    "entityfilercategory": "Non-accelerated Filer",
    "documentfiscalperiodfocus": "FY",
    "documentfiscalyearfocus": 2022,
    "documentannualreport": "true",
    "documenttransitionreport": "false",
    "entityfilenumber": "0-9951",
    "entityincorporationstatecountrycode": "DE",
    "entitytaxidentificationnumber": "91-1143622",
    "entityinteractivedatacurrent": "Yes",
    "entityaddressaddressline1": "C/O Crossfield, Inc",
    "entityaddressaddressline2": "653 VT Route 12A",
    "entityaddressaddressline3": "PO Box 189",
    "entityaddresscityortown": "Randolph",
    "entityaddressstateorprovince": "VT",
    "entityaddresspostalzipcode": 5060,
    "cityareacode": 212,
    "localphonenumber": "727-7085",
    "security12btitle": "Common Stock, $0.01 Par Value",
    "tradingsymbol": "AOXY",
    "auditorname": "Sadler, Gibb & Associates, LLC",
    "auditorlocation": "Draper, UT",
    "auditorfirmid": 3627,
    "cashandcashequivalentsatcarryingvalue": 94216,
    "valueaddedtaxreceivablecurrent": 1117,
    "assetscurrent": 95333,
    "propertyplantandequipmentnet": 566856,
    "assets": 662189,
    "deferredrevenuecurrent": 2929,
    "taxespayablecurrent": 51111,
    "notespayablecurrent": 16889,
    "duetorelatedpartiescurrent": 137583,
    "liabilitiescurrent": 208512,
    "notespayable": 134008,
    "liabilitiesnoncurrent": 134008,
    "liabilities": 342520,
    "commonstockvalue": 32929,
    "additionalpaidincapital": 21057116,
    "accumulatedothercomprehensiveincomelossnetoftax": -5820,
    "retainedearningsaccumulateddeficit": -20764606,
    "stockholdersequity": 319669,
    "liabilitiesandstockholdersequity": 662189,
    "preferredstockvalue": 50,
    "commonstockparorstatedvaluepershare": 0.01,
    "commonstocksharesauthorized": 60000000,
    "commonstocksharesissued": 3292945,
    "commonstocksharesoutstanding": 3292945,
    "preferredstockparorstatedvaluepershare": 0.01,
    "preferredstocksharesauthorized": 10000000,
    "preferredstocksharesissued": 5000,
    "preferredstocksharesoutstanding": 5000,
    "revenuesnetofinterestexpense": 39515,
    "revenues": 39515,
    "generalandadministrativeexpense": 7336,
    "professionalfees": 19100,
    "operatingexpenses": 26436,
    "incomelossfromcontinuingoperationsbeforeinterestexpenseinterestincomeincometaxesextraordinaryitemsnoncontrollinginterestsnet": 13079,
    "interestexpense": 1940,
    "gainontaxsettlement": 53902,
    "othernonoperatingincomeexpense": 51962,
    "incomelossfromcontinuingoperationsbeforeincometaxesdomestic": 65041,
    "incometaxexpensebenefit": 8049,
    "netincomeloss": 56992,
    "weightedaveragenumberofsharesoutstandingbasic": 3292945,
    "weightedaveragenumberofdilutedsharesoutstanding": 3302945,
    "earningspersharebasic": 0.02,
    "earningspersharediluted": 0.02,
    "netincome": 56992,
    "othercomprehensiveincomeforeigncurrencytransactionandtranslationadjustmentnetoftaxportionattributabletoparent": -83262,
    "comprehensiveincomenetoftax": -26270,
    "sharesissued": 5000,
    "othercomprehensiveincomeforeigncurrencytranslationgainlossarisingduringperiodtax": -83262,
    "profitloss": -56992,
    "costsandexpensesrelatedparty": 23779,
    "increasedecreaseinaccountspayable": -682,
    "increasedecreaseinaccruedtaxespayable": 9503,
    "netcashprovidedbyusedinoperatingactivities": 89592,
    "repaymentsofrelatedpartydebt": 16139,
    "repaymentsoflongtermdebt": 17139,
    "netcashprovidedbyusedinfinancingactivities": -33278,
    "changeduetofxtranslation": -12077,
    "cashcashequivalentsrestrictedcashandrestrictedcashequivalentsperiodincreasedecreaseincludingexchangerateeffect": 44237,
    "interestpaidnet": 1940,
    "incometaxespaid": 7939,
    "antidilutivesecuritiesexcludedfromcomputationofearningspershareamount": 10000,
    "totalsalesbyrevenue": 39515,
    "totalsalesbygeographiclocation": 39515,
    "revenuefromcontractwithcustomerexcludingassessedtax": 39515,
    "finitelivedintangibleassetsforeigncurrencytranslationgainloss": 79222,
    "expensespaidonbehalfofrelatedparty": 23779,
    "longtermdebtmaturitiesrepaymentsofprincipalinnexttwelvemonths": 16889,
    "longtermdebtmaturitiesrepaymentsofprincipalinyeartwo": 144258,
    "longtermdebtmaturitiesrepaymentsofprincipalinyearthree": 6639,
    "longtermdebt": 150897,
    "longtermnotespayable": 134008,
    "longtermdebtcurrent": 16889,
    "notespayabletobank": 650000,
    "longtermdebtpercentagebearingfixedinterestrate": 0.05,
    "remainingtermyears": "P1Y6M",
    "capitalleaseobligations": 16889,
    "capitalleasesfutureminimumpaymentsinterestincludedinpayments": 1940,
    "operatingleasesfutureminimumpaymentsduecurrent": 16889,
    "operatingleasesfutureminimumpaymentsduethereafter": 150897,
    "operatinglosscarryforwards": 29168,
    "effectiveincometaxratereconciliationatfederalstatutoryincometaxrate": 0.21,
    "effectiveincometaxratereconciliationforeignincometaxratedifferential": 0.01,
    "effectiveincometaxratereconciliationnondeductibleexpenseother": 0.22,
    "othertaxexpensebenefit": 8049,
    "deferredtaxassetsoperatinglosscarryforwards": 4363579,
    "deferredtaxassetsvaluationallowance": 4363579,
    "deferredtaxassetsoperatinglosscarryforwardsstateandlocal": 20708596,
    "operatinglosscarryforwardstooffsetfuturetaxableincome": 29168,
    "classofwarrantorrightexercisepriceofwarrantsorrights1": 5,
    "warrantsexercisableterm": "three-year",
    "preferredsharesdesignated": 177000,
    "conversionofstocksharesconverted1": 10000,
    "warrantstopurchasepershare": 5,
    "convertiblepreferredstocktermsofconversion": "Each share automatically converts on March 2, 2000 into either (a) one (1) share of the Companyâ€™s common stock if the average closing price of the common stock during the ten trading days immediately prior to March 1, 2000 is equal to or greater than sixty-six cents ($0.66) per share",
    "leaserevenues": 39515,
    "leaseincomeloss": 82442,
    "commissionincomelossfromsecurityproductsales": -2354,
    "corporateincomeloss": -23096,
    "totalsegmentprofitability": 56992,
    "noncurrentassets": 566856,
    "operatingincomeloss": 38528,
    "interestexpensedebt": 1940
  },
  {
    "date": "2021-06-29",
    "symbol": "AOXY",
    "period": "FY",
    "documenttype": "10-K",
    "amendmentflag": "false",
    "documentannualreport": "true",
    "documenttransitionreport": "false",
    "documentperiodenddate": "2021-06-30",
    "documentfiscalperiodfocus": "FY",
    "documentfiscalyearfocus": 2021,
    "currentfiscalyearenddate": "--06-30",
    "entityfilenumber": "0-9951",
    "entityregistrantname": "ADVANCED OXYGEN TECHNOLOGIES, INC.",
    "entitycentralindexkey": 352991,
    "entitytaxidentificationnumber": "91-1143622",
    "entityincorporationstatecountrycode": "DE",
    "entityaddressaddressline1": "C/O Crossfield, Inc",
    "entityaddressaddressline2": "653 VT Route 12A",
    "entityaddressaddressline3": "PO Box 189",
    "entityaddresscityortown": "Randolph",
    "entityaddressstateorprovince": "VT",
    "entityaddresspostalzipcode": 5060,
    "cityareacode": "(212)",
    "localphonenumber": "727-7085",
    "security12btitle": "Common Stock, $0.01 Par Value",
    "tradingsymbol": "AOXY",
    "entitywellknownseasonedissuer": "No",
    "entityvoluntaryfilers": "No",
    "entitycurrentreportingstatus": "Yes",
    "entityinteractivedatacurrent": "Yes",
    "entityfilercategory": "Non-accelerated Filer",
    "entitysmallbusiness": "true",
    "entityemerginggrowthcompany": "false",
    "entityshellcompany": "false",
    "cashandcashequivalentsatcarryingvalue": 49979,
    "valueaddedtaxreceivablecurrent": 1274,
    "assetscurrent": 51253,
    "propertyplantandequipmentnet": 646078,
    "assets": 697331,
    "accountspayablecurrent": 682,
    "deferredrevenuecurrent": 3340,
    "taxespayablecurrent": 48108,
    "notespayablecurrent": 19250,
    "duetorelatedpartiescurrent": 125780,
    "liabilitiescurrent": 197160,
    "notespayable": 154232,
    "liabilitiesnoncurrent": 154232,
    "liabilities": 351392,
    "preferredstockvalue": 50,
    "commonstockvalue": 32929,
    "additionalpaidincapital": 21057116,
    "accumulatedothercomprehensiveincomelossnetoftax": 77442,
    "retainedearningsaccumulateddeficit": -20821598,
    "stockholdersequity": 345939,
    "liabilitiesandstockholdersequity": 697331,
    "preferredstockparorstatedvaluepershare": 0.01,
    "preferredstocksharesauthorized": 10000000,
    "preferredstocksharesissued": 5000,
    "preferredstocksharesoutstanding": 5000,
    "commonstockparorstatedvaluepershare": 0.01,
    "commonstocksharesauthorized": 60000000,
    "commonstocksharesissued": 3292945,
    "commonstocksharesoutstanding": 3292945,
    "revenuesnetofinterestexpense": 41421,
    "revenues": 41421,
    "generalandadministrativeexpense": 8646,
    "professionalfees": 16100,
    "operatingexpenses": 24746,
    "incomelossfromcontinuingoperationsbeforeinterestexpenseinterestincomeincometaxesextraordinaryitemsnoncontrollinginterestsnet": 16675,
    "interestexpense": 2684,
    "incomelossfromcontinuingoperationsbeforeincometaxesdomestic": 13991,
    "incometaxexpensebenefit": 8245,
    "netincomeloss": 5746,
    "weightedaveragenumberofsharesoutstandingbasic": 3292945,
    "weightedaveragenumberofdilutedsharesoutstanding": 3302945,
    "othercomprehensiveincomeforeigncurrencytransactionandtranslationadjustmentnetoftaxportionattributabletoparent": 34216,
    "comprehensiveincomenetoftax": 39962,
    "sharesoutstanding": 5000,
    "othercomprehensiveincomeforeigncurrencytranslationgainlossarisingduringperiodtax": 34216,
    "expensespaidonbehalfofrelatedparty": 21201,
    "increasedecreaseinaccountspayable": 682,
    "increasedecreaseinaccruedtaxespayable": 10085,
    "netcashprovidedbyusedinoperatingactivities": 37714,
    "repaymentsofrelatedpartydebt": 14609,
    "repaymentsoflongtermdebt": 18895,
    "netcashprovidedbyusedinfinancingactivities": -33504,
    "effectofexchangerateoncashandcashequivalents": -2166,
    "cashcashequivalentsrestrictedcashandrestrictedcashequivalentsperiodincreasedecreaseincludingexchangerateeffect": 6376,
    "interestpaidnet": 2684,
    "incometaxespaid": 2413,
    "antidilutivesecuritiesexcludedfromcomputationofearningspershareamount": 10000,
    "revenuefromcontractwithcustomerexcludingassessedtax": 41421,
    "finitelivedintangibleassetsforeigncurrencytranslationgainloss": 36828,
    "proceedsfromrepaymentsofrelatedpartydebt": 14601,
    "longtermdebtmaturitiesrepaymentsofprincipalinnexttwelvemonths": 19249,
    "longtermdebtmaturitiesrepaymentsofprincipalinyeartwo": 146666,
    "longtermdebtmaturitiesrepaymentsofprincipalinyearthree": 7567,
    "longtermdebt": 173482,
    "longtermnotespayable": 154232,
    "longtermdebtcurrent": 19250,
    "notespayabletobank": 650000,
    "longtermdebtpercentagebearingfixedinterestrate": 0.05,
    "capitalleaseobligations": 18869,
    "capitalleasesfutureminimumpaymentsinterestincludedinpayments": 2681,
    "operatingleasesfutureminimumpaymentsduecurrent": 19249,
    "operatingleasesfutureminimumpaymentsduethereafter": 173482,
    "operatinglosscarryforwards": 29000,
    "effectiveincometaxratereconciliationatfederalstatutoryincometaxrate": 0.21,
    "effectiveincometaxratereconciliationforeignincometaxratedifferential": 0.01,
    "effectiveincometaxratereconciliationtaxcredits": 0.22,
    "othertaxexpensebenefit": 8245,
    "deferredtaxassetsoperatinglosscarryforwards": 4373509,
    "deferredtaxassetsvaluationallowance": 4373509,
    "deferredtaxassetsoperatinglosscarryforwardsstateandlocal": 20708596,
    "offsetfuturetaxableincome": 29000,
    "purchasepriceofwarrant": 5,
    "preferredsharesdesignated": 177000,
    "convertiblecommonstock": 2,
    "conversiondescription": "Eachshare automatically converts on March 2, 2000 into either (a) one (1) share of the Companyâ€™s common stock if the averageclosing price of the common stock during the ten trading days immediately prior to March 1, 2000 is equal to or greater thansixty-six cents ($0.66) per share, or (b) one and one-half (1 1/2) shares of common stock if the average closing price of the commonstock during the ten trading days immediately prior March 1, 2000 is less than sixty-six cents ($0.66) per share.",
    "noncurrentassets": 646078,
    "operatingincomeloss": 40160,
    "interestexpensedebt": 2684
  },
  {
    "date": "2020-06-29",
    "symbol": "AOXY",
    "period": "FY",
    "entityregistrantname": "ADVANCED OXYGEN TECHNOLOGIES INC",
    "entitycentralindexkey": 352991,
    "amendmentflag": "false",
    "currentfiscalyearenddate": "--06-30",
    "documenttype": "10-K",
    "documentperiodenddate": "2020-06-30",
    "documentfiscalperiodfocus": "FY",
    "documentfiscalyearfocus": 2020,
    "entitywellknownseasonedissuer": "No",
    "entityvoluntaryfilers": "No",
    "entitycurrentreportingstatus": "Yes",
    "entityemerginggrowthcompany": "false",
    "entitysmallbusiness": "true",
    "entityshellcompany": "false",
    "entityfilercategory": "Non-accelerated Filer",
    "entityfilenumber": "0-9951",
    "entityinteractivedatacurrent": "Yes",
    "entityincorporationstatecountrycode": "DE",
    "cashandcashequivalentsatcarryingvalue": 43603,
    "valueaddedtaxreceivablecurrent": 1202,
    "assetscurrent": 44805,
    "propertyplantandequipmentnet": 609250,
    "assets": 150,
    "deferredrevenuecurrent": 3150,
    "taxespayablecurrent": 36030,
    "notespayablecurrent": 144211,
    "duetorelatedpartiescurrent": 120271,
    "liabilitiescurrent": 303662,
    "notespayable": 44416,
    "liabilitiesnoncurrent": 44416,
    "liabilities": 348078,
    "preferredstockvalue": 50,
    "commonstockvalue": 32929,
    "additionalpaidincapital": 21057116,
    "accumulatedothercomprehensiveincomelossnetoftax": 43226,
    "retainedearningsaccumulateddeficit": -20827344,
    "stockholdersequity": 50,
    "liabilitiesandstockholdersequity": 654055,
    "preferredstockparorstatedvaluepershare": 0.01,
    "preferredstocksharesauthorized": 1,
    "preferredstocksharesissued": 5000,
    "preferredstocksharesoutstanding": 5000,
    "commonstockparorstatedvaluepershare": 0.01,
    "commonstocksharesauthorized": 10000000,
    "commonstocksharesissued": 3292945,
    "commonstocksharesoutstanding": 3292945,
    "revenuesnetofinterestexpense": 43154,
    "revenues": 43154,
    "generalandadministrativeexpense": 6562,
    "professionalfees": 15600,
    "salariesandwages": 113000,
    "operatingexpenses": 135162,
    "incomelossfromcontinuingoperationsbeforeinterestexpenseinterestincomeincometaxesextraordinaryitemsnoncontrollinginterestsnet": -92008,
    "interestexpense": 3290,
    "incomelossfromcontinuingoperationsbeforeincometaxesdomestic": -95298,
    "incometaxexpensebenefit": 7805,
    "netincomeloss": -130649,
    "weightedaveragenumberofsharesoutstandingbasic": 3063437,
    "weightedaveragenumberofdilutedsharesoutstanding": 3063437,
    "earningspersharebasic": -0.034,
    "earningspersharediluted": -0.034,
    "othercomprehensiveincomeforeigncurrencytransactionandtranslationadjustmentnetoftaxportionattributabletoparent": -4722,
    "comprehensiveincomenetoftax": -107825,
    "sharesoutstanding": 5000,
    "stockissuedduringperiodsharessharebasedcompensation": 1000000,
    "stockissuedduringperiodvaluesharebasedcompensation": 103000,
    "othercomprehensiveincomeforeigncurrencytranslationgainlossarisingduringperiodtax": -4972,
    "capitalinvestmentinsubsidiary": 125,
    "sharebasedcompensation": 113000,
    "expensespaidonbehalfofrelatedparty": 18125,
    "increasedecreaseinaccountspayable": -225,
    "increasedecreaseindeferredrevenue": 3092,
    "increasedecreaseinaccruedtaxespayable": 5445,
    "netcashprovidedbyusedinoperatingactivities": 36334,
    "capitalinvestmentsinsubsidiary": 125,
    "netcashprovidedbyusedininvestingactivities": -125,
    "repaymentsofrelatedpartydebt": 18262,
    "repaymentsoflongtermdebt": 17121,
    "netcashprovidedbyusedinfinancingactivities": -35383,
    "effectofexchangerateoncashandcashequivalents": -321,
    "cashandcashequivalentsperiodincreasedecrease": 505,
    "interestpaidnet": 3290,
    "yearofincorporation": 1981,
    "antidilutivesecuritiesexcludedfromcomputationofearningspershareamount": 10000,
    "finitelivedintangibleassetsforeigncurrencytranslationgainloss": 5970,
    "proceedsfromrepaymentsofrelatedpartydebt": 18262,
    "longtermdebtmaturitiesrepaymentsofprincipalinnexttwelvemonths": 144211,
    "longtermdebtmaturitiesrepaymentsofprincipalinyeartwo": 18762,
    "longtermdebtmaturitiesrepaymentsofprincipalinyearthree": 18518,
    "longtermdebtmaturitiesrepaymentsofprincipalinyearfour": 7136,
    "longtermdebt": 188627,
    "longtermnotespayable": 44416,
    "longtermdebtcurrent": 188627,
    "notespayabletobank": 61599,
    "capitalleaseobligations": 17121,
    "capitalleasesfutureminimumpaymentsinterestincludedinpayments": 3275,
    "longtermdebtpercentagebearingfixedinterestrate": 0.02,
    "notespayabledescription": "3.5 years left on the term.",
    "operatingleasesfutureminimumpaymentsduecurrent": 144211,
    "operatingleasesfutureminimumpaymentsduethereafter": 188627,
    "operatinglosscarryforwards": 29000,
    "effectiveincometaxratereconciliationatfederalstatutoryincometaxrate": 0.21,
    "effectiveincometaxratereconciliationforeignincometaxratedifferential": 0.01,
    "effectiveincometaxratereconciliationtaxcredits": 0.22,
    "othertaxexpensebenefit": 7805,
    "deferredtaxassetsoperatinglosscarryforwards": 4349913,
    "deferredtaxassetsvaluationallowance": 4349913,
    "deferredtaxassetsoperatinglosscarryforwardsstateandlocal": 20724241,
    "offsetfuturetaxableincome": 380000,
    "convertiblecommonstock": 2,
    "commonstockexchangeratio": "one for twenty (1:20)",
    "purchasepriceofwarrant": 5,
    "debtinstrumentterm": "P3Y",
    "conversiondescription": "Each share automatically converts on March 2, 2000 into either (a) one (1) share of the Company's common stock if the average closing price of the common stock during the ten trading days immediately prior to March 1, 2000 is equal to or greater than sixty-six cents ($0.66) per share, or (b) one and one-half (1 1/2) shares of common stock if the average closing price of the common stock during the ten trading days immediately prior March 1, 2000 is less than sixty-six cents ($0.66) per share.",
    "preferredsharesdesignated": 177000,
    "assetsnoncurrent": 609250,
    "operatingincomeloss": -130649,
    "interestexpensedebt": 743
  },
  {
    "date": "2019-06-29",
    "symbol": "AOXY",
    "period": "FY",
    "entityregistrantname": "ADVANCED OXYGEN TECHNOLOGIES INC",
    "entitycentralindexkey": 352991,
    "amendmentflag": "false",
    "currentfiscalyearenddate": "--06-30",
    "documenttype": "10-K",
    "documentperiodenddate": "2019-06-30",
    "documentfiscalperiodfocus": "FY",
    "documentfiscalyearfocus": 2019,
    "entitywellknownseasonedissuer": "No",
    "entityvoluntaryfilers": "No",
    "entitycurrentreportingstatus": "Yes",
    "entityemerginggrowthcompany": "false",
    "entitysmallbusiness": "true",
    "entityshellcompany": "false",
    "entityfilercategory": "Non-accelerated Filer",
    "entityfilenumber": "0-9951",
    "entityinteractivedatacurrent": "Yes",
    "entityincorporationstatecountrycode": "DE",
    "cashandcashequivalentsatcarryingvalue": 43098,
    "valueaddedtaxreceivablecurrent": 1213,
    "assetscurrent": 44311,
    "propertyplantandequipmentnet": 615220,
    "assets": 659531,
    "accountspayablecurrent": 225,
    "taxespayablecurrent": 30782,
    "notespayablecurrent": 144380,
    "duetorelatedpartiescurrent": 120753,
    "liabilitiescurrent": 296140,
    "notespayable": 62464,
    "liabilitiesnoncurrent": 62464,
    "liabilities": 358604,
    "preferredstockvalue": 50,
    "commonstockvalue": 22929,
    "additionalpaidincapital": 20953991,
    "accumulatedothercomprehensiveincomelossnetoftax": 48198,
    "retainedearningsaccumulateddeficit": -20724241,
    "stockholdersequity": 50,
    "liabilitiesandstockholdersequity": 659531,
    "preferredstockparorstatedvaluepershare": 0.01,
    "preferredstocksharesauthorized": 1,
    "preferredstocksharesissued": 5000,
    "preferredstocksharesoutstanding": 5000,
    "commonstockparorstatedvaluepershare": 0.01,
    "commonstocksharesauthorized": 10000000,
    "commonstocksharesissued": 2292945,
    "commonstocksharesoutstanding": 2292945,
    "realestateinvestmentpartnershiprevenue": 38408,
    "revenues": 38408,
    "generalandadministrativeexpense": 3634,
    "professionalfees": 15600,
    "costsandexpenses": 19234,
    "incomelossfromcontinuingoperationsbeforeinterestexpenseinterestincomeincometaxesextraordinaryitemsnoncontrollinginterestsnet": 19174,
    "interestexpense": 4182,
    "incomelossfromcontinuingoperationsbeforeincometaxesdomestic": 14992,
    "incometaxexpensebenefit": 6881,
    "netincomeloss": 8111,
    "weightedaveragenumberofsharesoutstandingbasic": 2292945,
    "weightedaveragenumberofdilutedsharesoutstanding": 2302945,
    "othercomprehensiveincomeforeigncurrencytransactionandtranslationadjustmentnetoftaxportionattributabletoparent": -14941,
    "comprehensiveincomenetoftax": -6830,
    "sharesoutstanding": 5000,
    "expensespaidonbehalfofrelatedparty": 17700,
    "increasedecreaseinaccountspayable": -525,
    "increasedecreaseinaccruedtaxespayable": -8400,
    "increasedecreaseinprepaidexpense": 525,
    "netcashprovidedbyusedinoperatingactivities": 17411,
    "repaymentsofrelatedpartydebt": 8965,
    "repaymentsoflongtermdebt": 17317,
    "netcashprovidedbyusedinfinancingactivities": -26282,
    "effectofexchangerateoncashandcashequivalents": -1446,
    "cashandcashequivalentsperiodincreasedecrease": -10317,
    "interestpaidnet": 4182,
    "yearofincorporation": 1981,
    "antidilutivesecuritiesexcludedfromcomputationofearningspershareamount": 10000,
    "concentrationriskpercentage1": 1,
    "finitelivedintangibleassetsforeigncurrencytranslationgainloss": 17491,
    "proceedsfromrepaymentsofrelatedpartydebt": 8965,
    "operatingleasesfutureminimumpaymentsdueintwoyears": 148476,
    "operatingleasesfutureminimumpaymentsdueinthreeyears": 23020,
    "operatingleasesfutureminimumpaymentsdueinfouryears": 23020,
    "operatingleasesfutureminimumpaymentsdueinfiveyears": 21017,
    "operatingleasesfutureminimumpaymentsduethereafter": 23020,
    "operatingleasesfutureminimumpaymentsdue": 215533,
    "notespayabletobank": 79815,
    "capitalleaseobligations": 17317,
    "capitalleasesfutureminimumpaymentsinterestincludedinpayments": 4182,
    "longtermdebtpercentagebearingfixedinterestrate": 0.05,
    "notespayabledescription": "4.5 years left on the term.",
    "operatingleasesfutureminimumpaymentsduecurrent": 148476,
    "operatinglosscarryforwards": 29000,
    "effectiveincometaxratereconciliationatfederalstatutoryincometaxrate": 0.21,
    "effectiveincometaxratereconciliationforeignincometaxratedifferential": 0.01,
    "effectiveincometaxratereconciliationtaxcredits": 0.22,
    "othertaxexpensebenefit": 6881,
    "deferredtaxassetsoperatinglosscarryforwards": 4352091,
    "deferredtaxassetsvaluationallowance": 4352091,
    "deferredtaxassetsoperatinglosscarryforwardsstateandlocal": 20724241,
    "offsetfuturetaxableincome": 928000,
    "convertiblecommonstock": 2,
    "commonstockexchangeratio": "one for twenty (1:20)",
    "purchasepriceofwarrant": 5,
    "debtinstrumentterm": "P3Y",
    "conversiondescription": "Each share automatically converts on March 2, 2000 into either (a) one (1) share of the Company's common stock if the average closing price of the common stock during the ten trading days immediately prior to March 1, 2000 is equal to or greater than sixty-six cents ($0.66) per share, or (b) one and one-half (1 1/2) shares of common stock if the average closing price of the common stock during the ten trading days immediately prior March 1, 2000 is less than sixty-six cents ($0.66) per share.",
    "preferredsharesdesignated": 177000
  }
]