[
  {
    "date": "2023-12-30",
    "symbol": "BTTC",
    "period": "FY",
    "documenttype": "10-K",
    "amendmentflag": "false",
    "documentannualreport": "true",
    "documenttransitionreport": "false",
    "documentperiodenddate": "2023-12-31",
    "documentfiscalperiodfocus": "FY",
    "documentfiscalyearfocus": 2023,
    "currentfiscalyearenddate": "--12-31",
    "entityfilenumber": "000-27407",
    "entityregistrantname": "BITECH TECHNOLOGIES CORPORATION",
    "entitycentralindexkey": 1066764,
    "entitytaxidentificationnumber": "93-3419812",
    "entityincorporationstatecountrycode": "DE",
    "entityaddressaddressline1": "895 Dove Street",
    "entityaddressaddressline2": "Suite 300",
    "entityaddresscityortown": "Newport Beach",
    "entityaddressstateorprovince": "CA",
    "entityaddresspostalzipcode": 92660,
    "cityareacode": "(855)",
    "localphonenumber": "777-0888",
    "security12gtitle": "Common Stock ($0.001 Par Value)",
    "entitywellknownseasonedissuer": "No",
    "entityvoluntaryfilers": "No",
    "entitycurrentreportingstatus": "Yes",
    "entityinteractivedatacurrent": "Yes",
    "entityfilercategory": "Non-accelerated Filer",
    "entitysmallbusiness": "true",
    "entityemerginggrowthcompany": "false",
    "entityshellcompany": "false",
    "icfrauditorattestationflag": "false",
    "documentfinstmterrorcorrectionflag": "false",
    "auditorname": "Fortune CPA, Inc",
    "auditorlocation": "Huntington Beach, CA",
    "auditorfirmid": 6901,
    "cashandcashequivalentsatcarryingvalue": 152417,
    "prepaidexpensecurrent": 11000,
    "assetscurrent": 163417,
    "assets": 163417,
    "accountspayableandaccruedliabilitiescurrent": 35229,
    "liabilitiescurrent": 35229,
    "commonstockvalue": 484464,
    "additionalpaidincapital": 1552011,
    "retainedearningsaccumulateddeficit": -1908287,
    "stockholdersequity": 128188,
    "liabilitiesandstockholdersequity": 163417,
    "preferredstockparorstatedvaluepershare": 0.001,
    "preferredstocksharesauthorized": 10000000,
    "commonstockparorstatedvaluepershare": 0.001,
    "commonstocksharesauthorized": 1000000000,
    "commonstocksharesissued": 484464194,
    "commonstocksharesoutstanding": 484464194,
    "revenuefromcontractwithcustomerexcludingassessedtax": 308,
    "grossprofit": 308,
    "generalandadministrativeexpense": 819001,
    "operatingexpenses": 819001,
    "operatingincomeloss": -818693,
    "interestincomeother": 7000,
    "nonoperatingincomeexpense": 7000,
    "incomelossfromcontinuingoperationsbeforeincometaxesextraordinaryitemsnoncontrollinginterest": -811693,
    "netincomeloss": -811693,
    "weightedaveragenumberofsharesoutstandingbasic": 479080612,
    "weightedaveragenumberofdilutedsharesoutstanding": 479080612,
    "sharesoutstanding": 484464194,
    "stockissuedduringperiodvaluerestrictedstockawardgross": 1500,
    "stockissuedduringperiodsharesrestrictedstockawardgross": 1500000,
    "stockissuedduringperiodvaluenewissues": 17292,
    "stockissuedduringperiodsharesnewissues": 17291667,
    "stockissuedduringperiodvalueissuedforservices": 1674,
    "stockissuedduringperiodsharesissuedforservices": 1674506,
    "adjustmentstoadditionalpaidincapitalsharebasedcompensationrequisiteserviceperiodrecognitionvalue": 180600,
    "stockissuedduringperiodvaluesharebasedcompensationforfeited": -51508,
    "stockissuedduringperiodsharessharebasedcompensationforfeited": -51507749,
    "issuanceofstockandwarrantsforservicesorclaims": 147455,
    "sharebasedcompensation": 180600,
    "increasedecreaseinprepaiddeferredexpenseandotherassets": -2000,
    "increasedecreaseinaccountspayableandaccruedliabilities": 23832,
    "netcashprovidedbyusedinoperatingactivities": -457806,
    "proceedsfromissuanceofcommonstock": 412500,
    "netcashprovidedbyusedinfinancingactivities": 412500,
    "cashcashequivalentsrestrictedcashandrestrictedcashequivalentsperiodincreasedecreaseincludingexchangerateeffect": -45306,
    "cashcashequivalentsrestrictedcashandrestrictedcashequivalentsincludingdisposalgroupanddiscontinuedoperations": 152417,
    "propertyplantandequipmentusefullife": "P3Y",
    "antidilutivesecuritiesexcludedfromcomputationofearningspershareamount": 37000000,
    "sharebasedcompensationarrangementbysharebasedpaymentawardoptionsgrantsinperiodweightedaveragegrantdatefairvalue": 0.01,
    "stockissuedduringperiodunregisteredsharesnewissues": 1674506,
    "stockissuedduringperiodunregisteredvaluenewissues": 117455,
    "saleofstockpricepershare": 0.03,
    "shareprice": 0.04,
    "sharebasedcompensationarrangementbysharebasedpaymentawardoptionsoutstandingnumber": 42000000,
    "sharebasedcompensationarrangementbysharebasedpaymentawardoptionsoutstandingweightedaverageexerciseprice": 0.04,
    "sharebasedcompensationarrangementbysharebasedpaymentawardoptionsgrantsinperiodgross": 42000000,
    "sharebasedcompensationarrangementsbysharebasedpaymentawardoptionsgrantsinperiodweightedaverageexerciseprice": 0.03,
    "sharebasedcompensationarrangementbysharebasedpaymentawardoptionsforfeituresinperiod": 5000000,
    "sharebasedcompensationarrangementsbysharebasedpaymentawardoptionsforfeituresinperiodweightedaverageexerciseprice": 0.03,
    "sharebasedcompensationarrangementbysharebasedpaymentawardoptionsexercisablenumber": 17250000,
    "sharebasedcompensationarrangementbysharebasedpaymentawardoptionsvestedandexpectedtovestexercisableweightedaverageexerciseprice": 0.03,
    "sharebasedcompensationsharesauthorizedunderstockoptionplansexercisepricerangelowerrangelimit": 0.025,
    "sharebasedcompensationsharesauthorizedunderstockoptionplansexercisepricerangeupperrangelimit": 0.07,
    "sharebasedcompensationarrangementbysharebasedpaymentawardoptionsoutstandingweightedaverageremainingcontractualterm2": "P9Y2M12D",
    "sharebasedcompensationarrangementbysharebasedpaymentawardoptionsexercisableweightedaverageexerciseprice": 0.03,
    "employeeservicesharebasedcompensationnonvestedawardstotalcompensationcostnotyetrecognized": 340707,
    "businesscombinationconsiderationtransferred1": 1113679,
    "businesscombinationrecognizedidentifiableassetsacquiredandliabilitiesassumedcashandequivalents": 1150163,
    "businesscombinationrecognizedidentifiableassetsacquiredandliabilitiesassumedassets": 1185163,
    "businesscombinationrecognizedidentifiableassetsacquiredandliabilitiesassumedliabilities": 71484,
    "businesscombinationrecognizedidentifiableassetsacquiredandliabilitiesassumednet": 1113679,
    "deferredtaxassetsoperatinglosscarryforwards": 1569000,
    "deferredtaxassetsvaluationallowance": 1569000,
    "operatinglosscarryforwardsvaluationallowance": 500000,
    "operatinglosscarryforwards": 1500000
  },
  {
    "date": "2022-12-30",
    "symbol": "BTTC",
    "period": "FY",
    "documenttype": "10-K",
    "amendmentflag": "false",
    "documentannualreport": "true",
    "documenttransitionreport": "false",
    "documentperiodenddate": "December 31, 2022",
    "documentfiscalperiodfocus": "FY",
    "documentfiscalyearfocus": 2022,
    "currentfiscalyearenddate": "December 31",
    "entityfilenumber": "000-27407",
    "entityregistrantname": "BITECHTECHNOLOGIES CORPORATION",
    "entitycentralindexkey": 1066764,
    "entitytaxidentificationnumber": "98-0187705",
    "entityincorporationstatecountrycode": "Delaware",
    "entityaddressaddressline1": "895Dove Street",
    "entityaddressaddressline2": "Suite 300",
    "entityaddresscityortown": "NewportBeach",
    "entityaddressstateorprovince": "CA",
    "entityaddresspostalzipcode": 92660,
    "cityareacode": "(855)",
    "localphonenumber": "777-0888",
    "security12gtitle": "CommonStock ($0.001 Par Value)",
    "entitywellknownseasonedissuer": "No",
    "entityvoluntaryfilers": "No",
    "entitycurrentreportingstatus": "Yes",
    "entityinteractivedatacurrent": "Yes",
    "entityfilercategory": "Non-accelerated    filer",
    "entitysmallbusiness": "true",
    "entityemerginggrowthcompany": "false",
    "entityshellcompany": "No",
    "icfrauditorattestationflag": "false",
    "auditorname": "Fortune CPA, Inc",
    "auditorlocation": "Huntington                                            Beach, CA",
    "auditorfirmid": 6901,
    "cashandcashequivalentsatcarryingvalue": 197723,
    "prepaidexpensecurrent": 13000,
    "assetscurrent": 210723,
    "assets": 210723,
    "accountspayableandaccruedliabilitiescurrent": 11397,
    "liabilitiescurrent": 11397,
    "commonstockvalue": 515506,
    "additionalpaidincapital": 780414,
    "retainedearningsaccumulateddeficit": "-null",
    "stockholdersequity": "-null",
    "liabilitiesandstockholdersequity": 210723,
    "preferredstockparorstatedvaluepershare": 0.001,
    "preferredstocksharesauthorized": "null",
    "commonstockparorstatedvaluepershare": 0.001,
    "commonstocksharesauthorized": "null",
    "commonstocksharesoutstanding": "null",
    "commonstocksharesissued": "null",
    "revenuefromcontractwithcustomerexcludingassessedtax": 26197,
    "grossprofit": 26197,
    "generalandadministrativeexpense": 888106,
    "operatingexpenses": 888106,
    "operatingincomeloss": -861910,
    "investmentincomeinterest": 50475,
    "interestexpense": 200,
    "nonoperatingincomeexpense": 50275,
    "incomelossfromcontinuingoperationsbeforeincometaxesextraordinaryitemsnoncontrollinginterest": -811635,
    "netincomeloss": -811635,
    "weightedaveragenumberofsharesoutstandingbasic": "null",
    "sharesoutstanding": "null",
    "adjustmentstoadditionalpaidincapitalrecapitalization": -139880,
    "stockissuedduringperiodvaluerestrictedstockawardgross": -7984,
    "stockissuedduringperiodsharesrestrictedstockawardgross": "null",
    "stockissuedduringperiodvalueconversionofunits": 9000,
    "stockissuedduringperiodsharesconversionofunits": "null",
    "stockissuedduringperiodvalueconversionofconvertiblesecurities": -9000,
    "stockissuedduringperiodsharesconversionofconvertiblesecurities": "-null",
    "stockissuedduringperiodvaluenewissues": 150000,
    "stockissuedduringperiodsharesnewissues": "null",
    "impairmentoflonglivedassetstobedisposedof": 35000,
    "increasedecreaseinprepaiddeferredexpenseandotherassets": 13000,
    "increasedecreaseinaccountspayableandaccruedliabilities": 291,
    "netcashprovidedbyusedinoperatingactivities": -789344,
    "proceedsfromissuanceofcommonstock": 150000,
    "recapitalizationpayments": 139880,
    "netcashprovidedbyusedinfinancingactivities": 10120,
    "cashcashequivalentsrestrictedcashandrestrictedcashequivalentsperiodincreasedecreaseincludingexchangerateeffect": -779224,
    "cashcashequivalentsrestrictedcashandrestrictedcashequivalentsincludingdisposalgroupanddiscontinuedoperations": 197723,
    "interestpaidnet": 200,
    "businesscombinationconsiderationtransferred1": "null",
    "businesscombinationrecognizedidentifiableassetsacquiredandliabilitiesassumedcashandequivalents": "null",
    "businesscombinationrecognizedidentifiableassetsacquiredandliabilitiesassumedassets": "null",
    "businesscombinationrecognizedidentifiableassetsacquiredandliabilitiesassumedliabilities": 71484,
    "businesscombinationrecognizedidentifiableassetsacquiredandliabilitiesassumednet": "null"
  },
  {
    "date": "2021-12-30",
    "symbol": "BTTC",
    "period": "FY",
    "cash": 16437,
    "accountsreceivablenetcurrent": 27263,
    "assetscurrent": 43700,
    "assets": 43700,
    "notespayablecurrent": 395000,
    "accountspayableandaccruedliabilitiescurrent": 37495,
    "liabilitiescurrent": 432495,
    "commonstockvalue": 20241,
    "additionalpaidincapitalcommonstock": 19869511,
    "retainedearningsaccumulateddeficit": -20278547,
    "stockholdersequity": -20278547,
    "liabilitiesandstockholdersequity": 43700,
    "allowancefordoubtfulaccountsreceivablecurrent": 447126,
    "commonstockparorstatedvaluepershare": 0.001,
    "commonstocksharesauthorized": 250000000,
    "commonstocksharesissued": 20240882,
    "commonstocksharesoutstanding": 20240882,
    "revenuefromcontractwithcustomerincludingassessedtax": 64588,
    "operatingleaseleaseincomeleasepayments": 104292,
    "revenues": 168880,
    "operatingexpenses": 379883,
    "operatingincomeloss": -211003,
    "othernonoperatingincome": 97497,
    "interestexpense": 26859,
    "nonoperatingincomeexpense": 70638,
    "netincomeloss": -140365,
    "earningspersharebasicanddiluted": -0.01,
    "weightedaveragenumberofshareoutstandingbasicanddiluted": 20240882,
    "depreciationdepletionandamortization": 10959,
    "gainlossonsaleofaccountsreceivable": 33946,
    "increasedecreaseinaccountsreceivable": -204981,
    "increasedecreaseinaccountspayableandaccruedliabilities": -5793,
    "netcashprovidedbyusedinoperatingactivities": 35836,
    "repaymentsofnotespayable": 61054,
    "netcashprovidedbyusedinfinancingactivities": -61054,
    "cashcashequivalentsrestrictedcashandrestrictedcashequivalentsperiodincreasedecreaseexcludingexchangerateeffect": -25218,
    "cashcashequivalentsrestrictedcashandrestrictedcashequivalents": 16437,
    "interestpaidnet": 26859,
    "propertyplantandequipmentgross": 45587,
    "accumulateddepreciationdepletionandamortizationpropertyplantandequipment": 45587,
    "deferredtaxassetsoperatinglosscarryforwards": 2499675,
    "deferredtaxassetstaxdeferredexpensereservesandaccrualsallowancefordoubtfulaccounts": 93896,
    "deferredtaxassetsvaluationallowance": 2593571,
    "incometaxreconciliationincometaxexpensebenefitatfederalstatutoryincometaxrate": 29477,
    "effectiveincometaxratereconciliationatfederalstatutoryincometaxrate": 0.21,
    "incometaxreconciliationchangeindeferredtaxassetsvaluationallowance": -29477,
    "effectiveincometaxratereconciliationchangeindeferredtaxassetsvaluationallowance": -0.21,
    "accountreceivablediscountrate": 0.48,
    "accountreceivablepercentageofgrossrevenue": 0.52,
    "allowancefordoubtfulaccountsreceivable": 447126,
    "accountsreceivableadditionalnarrativedisclosure1": "Historical experience, through 2018, demonstrated that the collection period for individual cases may extend for two years or more.",
    "accountsreceivablesale": 84865,
    "debtinstrumentincreasedecreaseforperiodnet": -33946,
    "depreciation": 10959,
    "interestexpensedebt": 26859,
    "increasedecreaseinnotespayablerelatedparties": -33946,
    "notespayablerelatedpartiescurrentandnoncurrent": 395000,
    "areaofrealestateproperty": 200,
    "paymentsforrent": 1000,
    "operatinglosscarryforwards": 11903000,
    "lessoroperatingleasetermofcontract": 36,
    "entityregistrantname": "SPINE INJURY SOLUTIONS, INC.",
    "documenttype": "10-K",
    "currentfiscalyearenddate": "December 31",
    "amendmentflag": "false",
    "entitycentralindexkey": 1066764,
    "entitycurrentreportingstatus": "Yes",
    "entityvoluntaryfilers": "No",
    "entityfilercategory": "Non-accelerated filer",
    "entitywellknownseasonedissuer": "No",
    "documentperiodenddate": "December 31, 2021",
    "documentfiscalyearfocus": 2021,
    "documentfiscalperiodfocus": "FY",
    "entitysmallbusiness": "true",
    "entityemerginggrowthcompany": "false",
    "entityshellcompany": "No",
    "icfrauditorattestationflag": "false",
    "documentannualreport": "true",
    "documenttransitionreport": "false",
    "entityfilenumber": "000-27407",
    "entityincorporationstatecountrycode": "Delaware",
    "entitytaxidentificationnumber": "98-0187705",
    "entityaddressaddressline1": "5151 Mitchelldale",
    "entityaddressaddressline2": "Suite A2",
    "entityaddresscityortown": "Houston",
    "entityaddressstateorprovince": "Texas",
    "entityaddresspostalzipcode": 77092,
    "cityareacode": 713,
    "localphonenumber": "521-4220",
    "security12btitle": "None",
    "entityinteractivedatacurrent": "Yes",
    "auditorfirmid": 298,
    "auditorname": "Ham, Langston & Brezina, LLP",
    "auditorlocation": "Houston, Texas"
  },
  {
    "date": "2020-12-30",
    "symbol": "BTTC",
    "period": "FY",
    "cash": 41655,
    "accountsreceivablenetcurrent": 232244,
    "assetscurrent": 273899,
    "propertyplantandequipmentnet": 10959,
    "assets": 284858,
    "notespayablecurrent": 490000,
    "accountspayableandaccruedliabilitiescurrent": 43288,
    "liabilitiescurrent": 533288,
    "commonstockvalue": 20241,
    "additionalpaidincapitalcommonstock": 19869511,
    "retainedearningsaccumulateddeficit": -20138182,
    "stockholdersequity": -20138182,
    "liabilitiesandstockholdersequity": 284858,
    "allowancefordoubtfulaccountsreceivablenoncurrent": 585257,
    "commonstockparorstatedvaluepershare": 0.001,
    "commonstocksharesauthorized": 50000000,
    "commonstocksharesissued": 20240882,
    "commonstocksharesoutstanding": 20240882,
    "revenuefromcontractwithcustomerincludingassessedtax": 76078,
    "operatingleasesincomestatementleaserevenue": 95941,
    "revenues": 172019,
    "grossprofit": 172019,
    "operatingexpenses": 507397,
    "operatingincomeloss": -335378,
    "gainslossesonextinguishmentofdebt": 64097,
    "othernonoperatingincome": 533,
    "interestexpense": 26646,
    "nonoperatingincomeexpense": 37984,
    "netincomeloss": -297394,
    "earningspersharebasicanddiluted": -0.01,
    "weightedaveragenumberofshareoutstandingbasicanddiluted": 20240882,
    "depreciationdepletionandamortization": 14420,
    "increasedecreaseinaccountsreceivable": -779679,
    "increasedecreaseinprepaiddeferredexpenseandotherassets": -12314,
    "increasedecreaseinaccountspayableandaccruedliabilities": 2049,
    "netcashprovidedbyusedinoperatingactivities": 446971,
    "repaymentsofnotespayable": 110000,
    "proceedsfromrepaymentsofotherlongtermdebt": 64097,
    "repaymentsoflinesofcredit": 470000,
    "netcashprovidedbyusedinfinancingactivities": -515903,
    "cashcashequivalentsrestrictedcashandrestrictedcashequivalentsperiodincreasedecreaseexcludingexchangerateeffect": -68932,
    "cashandcashequivalentsatcarryingvalue": 41655,
    "interestpaidnet": 26646,
    "debtconversionconvertedinstrumentamount1": 610000,
    "propertyplantandequipmentgross": 68518,
    "accumulateddepreciationdepletionandamortizationpropertyplantandequipment": 57559,
    "sharebasedcompensationarrangementbysharebasedpaymentawardoptionsoutstandingnumber": 20000,
    "sharebasedcompensationarrangementbysharebasedpaymentawardoptionsoutstandingweightedaverageexerciseprice": 0.4,
    "sharebasedcompensationarrangementbysharebasedpaymentawardoptionsoutstandingweightedaverageremainingcontractualterm2": "P6M",
    "sharebasedcompensationarrangementbysharebasedpaymentawardoptionsexerciseprice": 0.4,
    "sharebasedcompensationarrangementbysharebasedpaymentawardoptionsexpirationdate": "Aug 2021",
    "deferredtaxassetsoperatinglosscarryforwards": 2441191,
    "deferredtaxassetstaxdeferredexpensereservesandaccrualsallowancefordoubtfulaccounts": 122903,
    "deferredtaxassetsvaluationallowance": 2564094,
    "incometaxreconciliationincometaxexpensebenefitatfederalstatutoryincometaxrate": 62453,
    "effectiveincometaxratereconciliationatfederalstatutoryincometaxrate": 0.21,
    "incometaxreconciliationchangeindeferredtaxassetsvaluationallowance": -62453,
    "effectiveincometaxratereconciliationchangeindeferredtaxassetsvaluationallowance": -0.21,
    "retainedearningsincrease": -5133484,
    "accountreceivablediscountrate": 0.48,
    "accountreceivablepercentageofgrossrevenue": 0.52,
    "allowancefordoubtfulaccountsreceivable": 585257,
    "accountsreceivableadditionalnarrativedisclosure1": "Historical experience, through 2018, demonstrated that the collection period for individual cases may extend for two years or more.",
    "accountsreceivablelitigationsettlementpercent": 0.3,
    "depreciation": 14420,
    "lineofcreditfacilitymaximumborrowingcapacity": 610000,
    "debtinstrumentfaceamount": 610000,
    "notespayablerelatedpartiescurrentandnoncurrent": 490000,
    "areaofrealestateproperty": 200,
    "leaseandrentalexpense": 1875,
    "operatinglosscarryforwardexpirationyear": 2039,
    "lessoroperatingleasetermofcontract": "P36Y",
    "operatingleaseleaseincome": 66000,
    "propertysubjecttooravailableforoperatingleasegross": 10959,
    "entityregistrantname": "Spine Injury Solutions, Inc",
    "documenttype": "10-K",
    "currentfiscalyearenddate": "--12-31",
    "amendmentflag": "false",
    "entitycentralindexkey": 1066764,
    "entitycurrentreportingstatus": "Yes",
    "entityvoluntaryfilers": "No",
    "entityfilercategory": "Non-accelerated Filer",
    "entitywellknownseasonedissuer": "No",
    "documentperiodenddate": "2020-12-31",
    "documentfiscalyearfocus": 2020,
    "documentfiscalperiodfocus": "FY",
    "entitysmallbusiness": "true",
    "entityemerginggrowthcompany": "false",
    "entityshellcompany": "false",
    "entityinteractivedatacurrent": "Yes"
  },
  {
    "date": "2019-12-30",
    "symbol": "BTTC",
    "period": "FY",
    "cash": 110587,
    "accountsreceivablenetcurrent": 480350,
    "prepaidexpensecurrent": 12314,
    "assetscurrent": 603251,
    "accountsreceivablenetnoncurrent": 531573,
    "propertyplantandequipmentnet": 25379,
    "assets": 1160203,
    "linesofcreditcurrent": 1070000,
    "accountspayableandaccruedliabilitiescurrent": 41239,
    "liabilitiescurrent": 1111239,
    "commonstockvalue": 20241,
    "additionalpaidincapitalcommonstock": 19869511,
    "retainedearningsaccumulateddeficit": -19840788,
    "stockholdersequity": -19840788,
    "liabilitiesandstockholdersequity": 1160203,
    "allowancefordoubtfulaccountsreceivablenoncurrent": 589243,
    "commonstockparorstatedvaluepershare": 0.001,
    "commonstocksharesauthorized": 50000000,
    "commonstocksharesissued": 20240882,
    "commonstocksharesoutstanding": 20240882,
    "revenuefromcontractwithcustomerincludingassessedtax": 136327,
    "operatingleasesincomestatementleaserevenue": 73046,
    "revenues": 209373,
    "assetimpairmentcharges": 115235,
    "costofrevenue": 115235,
    "grossprofit": 94138,
    "operatingexpenses": 1643803,
    "operatingincomeloss": -1549665,
    "othernonoperatingincome": 2399,
    "interestexpense": 65303,
    "nonoperatingincomeexpense": -62904,
    "netincomeloss": -1612569,
    "earningspersharebasicanddiluted": -0.08,
    "weightedaveragenumberofshareoutstandingbasicanddiluted": 20240882,
    "provisionfordoubtfulaccounts": 538577,
    "othernoncashexpense": 71194,
    "inventorywritedown": 116221,
    "goodwillimpairmentloss": 170200,
    "depreciationdepletionandamortization": 51808,
    "increasedecreaseinaccountsreceivable": -1341844,
    "increasedecreaseinprepaiddeferredexpenseandotherassets": 1664,
    "increasedecreaseinaccountspayableandaccruedliabilities": -34736,
    "increasedecreaseinduetorelatedparties": -4967,
    "netcashprovidedbyusedinoperatingactivities": 635908,
    "repaymentsoflongtermdebt": 90000,
    "proceedsfromrepaymentsoflinesofcredit": -495000,
    "netcashprovidedbyusedinfinancingactivities": -585000,
    "cashcashequivalentsrestrictedcashandrestrictedcashequivalentsperiodincreasedecreaseexcludingexchangerateeffect": 50908,
    "cashandcashequivalentsatcarryingvalue": 110587,
    "interestpaidnet": 65305,
    "operatingleasesfutureminimumpaymentsremainderoffiscalyear": 103,
    "operatingleasesfutureminimumpaymentsdueintwoyears": 39,
    "operatingleasesfutureminimumpaymentsdue": 142,
    "propertyplantandequipmentgross": 145025,
    "accumulateddepreciationdepletionandamortizationpropertyplantandequipment": 119646,
    "sharebasedcompensationarrangementbysharebasedpaymentawardoptionsoutstandingnumber": 20000,
    "sharebasedcompensationarrangementbysharebasedpaymentawardoptionsoutstandingweightedaverageexerciseprice": 0.4,
    "sharebasedcompensationarrangementbysharebasedpaymentawardoptionsoutstandingweightedaverageremainingcontractualterm2": "P1Y6M",
    "sharebasedcompensationarrangementbysharebasedpaymentawardoptionsexerciseprice": 0.4,
    "sharebasedcompensationarrangementbysharebasedpaymentawardoptionsexpirationdate": "Aug 2021",
    "deferredtaxassetsoperatinglosscarryforwards": 2388540,
    "deferredtaxassetstaxdeferredexpensereservesandaccrualsallowancefordoubtfulaccounts": 113101,
    "deferredtaxassetsvaluationallowance": 2501641,
    "incometaxreconciliationincometaxexpensebenefitatfederalstatutoryincometaxrate": 338639,
    "effectiveincometaxratereconciliationatfederalstatutoryincometaxrate": 0.21,
    "incometaxreconciliationstateandlocalincometaxes": 38218,
    "effectiveincometaxratereconciliationstateandlocalincometaxes": 0.024,
    "changeinavailablenols": -97775,
    "effectiveincometaxratereconciliationchangeinavailablenolspercent": -0.061,
    "incometaxreconciliationchangeindeferredtaxassetsvaluationallowance": -270713,
    "effectiveincometaxratereconciliationchangeindeferredtaxassetsvaluationallowance": -0.168,
    "incometaxreconciliationotheradjustments": -8369,
    "effectiveincometaxratereconciliationotheradjustments": -0.005,
    "effectiveincometaxratecontinuingoperations": 0.21,
    "retainedearningsincrease": -4836090,
    "allowancefordoubtfulaccountsreceivable": 589243,
    "propertyplantandequipmentavailableforrent": 25379,
    "accountreceivablediscountrate": 0.48,
    "accountreceivablepercentageofgrossrevenue": 0.52,
    "accountsreceivableadditionalnarrativedisclosure1": "Historical experience, through 2018, demonstrated that the collection period for individual cases may extend for two years or more.",
    "accountsreceivablelitigationsettlementpercent": 0.3,
    "allowancefordoubtfulaccountsreceivablewriteoffs": 538577,
    "financingreceivabledeferredincome": 136665,
    "provisionforloanlossesexpensed": 71194,
    "depreciation": 51808,
    "interestexpensedebt": 61808,
    "lineofcredit": 1070000,
    "operatinglosscarryforwards": 11374000,
    "operatinglosscarryforwardexpirationyear": 2038,
    "entityregistrantname": "Spine Injury Solutions, Inc",
    "documenttype": "10-K",
    "currentfiscalyearenddate": "--12-31",
    "amendmentflag": "false",
    "entitycentralindexkey": 1066764,
    "entitycurrentreportingstatus": "Yes",
    "entityvoluntaryfilers": "No",
    "entityfilercategory": "Non-accelerated Filer",
    "entitywellknownseasonedissuer": "No",
    "documentperiodenddate": "2019-12-31",
    "documentfiscalyearfocus": 2019,
    "documentfiscalperiodfocus": "FY",
    "entitysmallbusiness": "true",
    "entityemerginggrowthcompany": "false",
    "entityshellcompany": "false",
    "entityinteractivedatacurrent": "Yes"
  }
]