[
  {
    "date": "2023-12-30",
    "symbol": "CKX",
    "period": "FY",
    "documenttype": "10-K",
    "documentannualreport": "true",
    "documentperiodenddate": "2023-12-31",
    "documenttransitionreport": "false",
    "entityfilenumber": "1-31905",
    "entityregistrantname": "CKX Lands, Inc.",
    "entityincorporationstatecountrycode": "LA",
    "entitytaxidentificationnumber": "72-0144530",
    "entityaddressaddressline1": "2417 Shell Beach Drive",
    "entityaddresscityortown": "Lake Charles",
    "entityaddressstateorprovince": "LA",
    "entityaddresspostalzipcode": 70601,
    "cityareacode": 337,
    "localphonenumber": "493-2399",
    "security12btitle": "Common Stock with no par value",
    "tradingsymbol": "CKX",
    "securityexchangename": "NYSE",
    "entitywellknownseasonedissuer": "No",
    "entityvoluntaryfilers": "No",
    "entitycurrentreportingstatus": "Yes",
    "entityinteractivedatacurrent": "Yes",
    "entityfilercategory": "Non-accelerated Filer",
    "entitysmallbusiness": "true",
    "entityemerginggrowthcompany": "false",
    "icfrauditorattestationflag": "false",
    "documentfinstmterrorcorrectionflag": "false",
    "entityshellcompany": "false",
    "auditorfirmid": 206,
    "auditorname": "MaloneBailey, LLP",
    "auditorlocation": "Houston, Texas",
    "entitycentralindexkey": 352955,
    "currentfiscalyearenddate": "--12-31",
    "documentfiscalyearfocus": 2023,
    "documentfiscalperiodfocus": "FY",
    "amendmentflag": "false",
    "rule10b51arradoptedflag": "false",
    "nonrule10b51arradoptedflag": "false",
    "rule10b51arrtrmntdflag": "false",
    "nonrule10b51arrtrmntdflag": "false",
    "cashandcashequivalentsatcarryingvalue": 7546689,
    "accountsreceivablenetcurrent": 104741,
    "prepaidexpenseandotherassetscurrent": 212279,
    "assetscurrent": 9388882,
    "propertyplantandequipmentnet": 9095403,
    "deferredincometaxassetsnet": 329121,
    "assets": 18813406,
    "accountspayableandaccruedliabilitiescurrent": 159159,
    "accruedincometaxescurrent": 151404,
    "contractwithcustomerliabilitycurrent": 184785,
    "liabilitiescurrent": 495348,
    "liabilities": 495348,
    "commonstockvalue": 59335,
    "additionalpaidincapital": 3150376,
    "treasurystockcommonvalue": 263748,
    "retainedearningsaccumulateddeficit": 15372095,
    "stockholdersequity": 18318058,
    "liabilitiesandstockholdersequity": 18813406,
    "commonstocksharesauthorized": 3000000,
    "commonstocksharesissued": 2014283,
    "commonstocksharesoutstanding": 1991337,
    "treasurystockcommonshares": 22946,
    "revenuefromcontractwithcustomerexcludingassessedtax": 380654,
    "operatingleaseleaseincome": 950804,
    "revenues": 1485605,
    "costofgoodsandservicessold": 41677,
    "generalandadministrativeexpense": 1450308,
    "depreciation": 4261,
    "gainlossonsaleofpropertyplantequipment": 149992,
    "costsandexpenses": 1363781,
    "operatingincomeloss": 121824,
    "investmentincomeinterest": 160303,
    "miscellaneousincome": 74,
    "incomelossfromcontinuingoperationsbeforeincometaxesextraordinaryitemsnoncontrollinginterest": 282201,
    "currentincometaxexpensebenefit": 110169,
    "deferredincometaxexpensebenefit": 29071,
    "incometaxexpensebenefit": 139240,
    "netincomeloss": 142961,
    "earningspersharediluted": 0.07,
    "earningspersharebasic": 0.07,
    "weightedaveragenumberofsharesoutstandingbasic": 1974473,
    "weightedaveragenumberofdilutedsharesoutstanding": 2011024,
    "sharesoutstanding": 2014283,
    "stockissuedduringperiodsharessharebasedcompensation": 25582,
    "adjustmentstoadditionalpaidincapitalsharebasedcompensationrequisiteserviceperiodrecognitionvalue": 841839,
    "treasurystockvalueacquiredcostmethod": 87156,
    "depletion": 685,
    "deferredincometaxesandtaxcredits": -29071,
    "gainlossonsaleofproperties": 149992,
    "sharebasedcompensation": 841839,
    "increasedecreaseinoperatingassets": 161902,
    "increasedecreaseinoperatingliabilities": 228172,
    "netcashprovidedbyusedinoperatingactivities": 876953,
    "paymentstoacquireinvestments": 1525173,
    "proceedsfromsalematurityandcollectionsofinvestments": 1004603,
    "paymentsofreforestingtimbercosts": 20737,
    "proceedsfromsaleofpropertyplantandequipment": 149992,
    "netcashprovidedbyusedininvestingactivities": -391315,
    "paymentsforrepurchaseofcommonstock": 87156,
    "netcashprovidedbyusedinfinancingactivities": -87156,
    "cashcashequivalentsrestrictedcashandrestrictedcashequivalentsperiodincreasedecreaseincludingexchangerateeffect": 398482,
    "cashcashequivalentsrestrictedcashandrestrictedcashequivalentsincludingdisposalgroupanddiscontinuedoperations": 7546689,
    "sharebasedcompensationarrangementbysharebasedpaymentawardfairvalueassumptionsweightedaveragevolatilityrate": 0.396,
    "sharebasedcompensationarrangementbysharebasedpaymentawardfairvalueassumptionsriskfreeinterestrate": 0.035,
    "sharebasedcompensationarrangementbysharebasedpaymentawardfairvalueassumptionsexpectedterm1": "P2Y",
    "accruedroyaltyincome": 104741,
    "antidilutivesecuritiesexcludedfromcomputationofearningspershareamount": 36551,
    "taxesother": 138245,
    "propertyplantandequipmentusefullife": "P5Y",
    "cashandcashequivalentsfairvaluedisclosure": 7546689,
    "assetsfairvaluedisclosure": 9071862,
    "propertyplantandequipmentgross": 6815711,
    "accumulateddepreciationdepletionandamortizationpropertyplantandequipment": 91797,
    "resultsofoperationsroyaltyinterests": 380654,
    "resultsofoperationsrevenuefromoilandgasproducingactivities": 380654,
    "resultsofoperationsexpensefromoilandgasproducingactivities": 41677,
    "resultsofoperationsincomebeforeincometaxes": 338977,
    "resultsofoperationsincometaxexpense": 86917,
    "resultsofoperationsoilandgasproducingactivitiesnetincomeexcludingcorporateoverheadandinterestcosts": 252060,
    "productionbarrelsofoilequivalents1": 8976,
    "numberofoperatingsegments": 3,
    "capitalexpendituresincurredbutnotyetpaid": 20737,
    "depreciationdepletionandamortization": 685,
    "othernonoperatingincomeexpense": -1144200,
    "incomelossfromcontinuingoperationsbeforeincometaxesminorityinterestandincomelossfromequitymethodinvestments": 282201,
    "effectiveincometaxratereconciliationatfederalstatutoryincometaxrate": 0.26,
    "deferredtaxassetsgross": 329121,
    "deferredtaxassetsliabilitiesnet": 329121,
    "incometaxreconciliationincometaxexpensebenefitatfederalstatutoryincometaxrate": 72357,
    "incometaxratereconciliationnondeductibleexpensefederalstatutorydepletionamount": -9516,
    "incometaxratereconciliationnondeductibleexpensestatestatutorydepletionamount": -5124,
    "effectiveincometaxratereconciliationsharebasedcompensationexcesstaxbenefitamount": 79109,
    "incometaxreconciliationotheradjustments": 2414,
    "deferredtaxassetsnet": 516785,
    "deferredincometaxliabilitiesnet": 77714,
    "sharebasedcompensationarrangementbysharebasedpaymentawardequityinstrumentsotherthanoptionsvestedinperiod": 40204,
    "sharebasedcompensationarrangementbysharebasedpaymentawardequityinstrumentsotherthanoptionsgrantsinperiodfairvalue": 3374002,
    "employeeservicesharebasedcompensationnonvestedawardstotalcompensationcostnotyetrecognized": 223626,
    "sharespaidfortaxwithholdingforsharebasedcompensation": 8672,
    "allocatedsharebasedcompensationexpense": 420874
  },
  {
    "date": "2022-12-30",
    "symbol": "CKX",
    "period": "FY",
    "documenttype": "10-K",
    "documentannualreport": "true",
    "documentperiodenddate": "2022-12-31",
    "documenttransitionreport": "false",
    "entityfilenumber": "1-31905",
    "entityregistrantname": "CKX Lands, Inc.",
    "entityincorporationstatecountrycode": "LA",
    "entitytaxidentificationnumber": "72-0144530",
    "entityaddressaddressline1": "2417 Shell Beach Drive",
    "entityaddresscityortown": "Lake Charles",
    "entityaddressstateorprovince": "LA",
    "entityaddresspostalzipcode": 70601,
    "cityareacode": 337,
    "localphonenumber": "493-2399",
    "security12btitle": "Common Stock with no par value",
    "tradingsymbol": "CKX",
    "securityexchangename": "NYSE",
    "entitywellknownseasonedissuer": "No",
    "entityvoluntaryfilers": "No",
    "entitycurrentreportingstatus": "Yes",
    "entityinteractivedatacurrent": "Yes",
    "entityfilercategory": "Non-accelerated Filer",
    "entitysmallbusiness": "true",
    "entityemerginggrowthcompany": "false",
    "icfrauditorattestationflag": "false",
    "entityshellcompany": "false",
    "auditorfirmid": 206,
    "auditorname": "MaloneBailey, LLP",
    "auditorlocation": "Houston, Texas",
    "entitycentralindexkey": 352955,
    "currentfiscalyearenddate": "--12-31",
    "documentfiscalyearfocus": 2022,
    "documentfiscalperiodfocus": "FY",
    "amendmentflag": "false",
    "cashandcashequivalentsatcarryingvalue": 7148207,
    "accountsreceivablenetcurrent": 126423,
    "prepaidexpenseandotherassetscurrent": 28695,
    "assetscurrent": 8307928,
    "propertyplantandequipmentnet": 9079612,
    "deferredincometaxassetsnet": 300050,
    "assets": 17687590,
    "accountspayableandaccruedliabilitiescurrent": 37626,
    "contractwithcustomerliabilitycurrent": 229550,
    "liabilitiescurrent": 267176,
    "deferredincometaxliabilitiesnet": 77714,
    "liabilities": 267176,
    "commonstockvalue": 59335,
    "additionalpaidincapital": 2308537,
    "treasurystockvalue": 176592,
    "retainedearningsaccumulateddeficit": 15229134,
    "stockholdersequity": 17420414,
    "liabilitiesandstockholdersequity": 17687590,
    "commonstocksharesauthorized": 3000000,
    "commonstocksharesissued": 1988701,
    "commonstocksharesoutstanding": 1974427,
    "treasurystockshares": 10166,
    "revenuefromcontractwithcustomerexcludingassessedtax": 596755,
    "operatingleaseleaseincome": 250432,
    "revenues": 1105494,
    "costofgoodsandservicessold": 50312,
    "generalandadministrativeexpense": 2875718,
    "depreciation": 5039,
    "gainlossonsaleofpropertyplantequipment": 18972,
    "costsandexpenses": 2948034,
    "operatingincomeloss": -1842540,
    "investmentincomeinterest": 35340,
    "miscellaneousincome": 1769,
    "incomelossfromcontinuingoperationsbeforeincometaxesextraordinaryitemsnoncontrollinginterest": -1805431,
    "deferredincometaxexpensebenefit": -487713,
    "incometaxexpensebenefit": -487713,
    "netincomeloss": -1317718,
    "earningspersharebasic": -0.67,
    "weightedaveragenumberofsharesoutstandingbasic": 1958865,
    "sharesoutstanding": 1988701,
    "stockissuedduringperiodsharessharebasedcompensation": 46206,
    "stockissuedduringperiodvaluesharebasedcompensation": 46206,
    "adjustmentstoadditionalpaidincapitalsharebasedcompensationrequisiteserviceperiodrecognitionvalue": 2308537,
    "treasurystockvalueacquiredcostmethod": 176592,
    "deferredincometaxesandtaxcredits": -300050,
    "depletion": 883,
    "gainlossonsaleofproperties": 18972,
    "unrealizedgainlossoninvestments": 8727,
    "sharebasedcompensation": 2308537,
    "increasedecreaseinoperatingassets": 73577,
    "increasedecreaseinoperatingliabilities": -181724,
    "netcashprovidedbyusedinoperatingactivities": 413691,
    "paymentsforproceedsfromotherinvestingactivities": 1000000,
    "paymentsforproceedsfrominvestments": -511559,
    "paymentstoacquirepropertyandequipment": 12271,
    "paymentsofreforestingtimbercosts": 16461,
    "paymentstoacquireland": 564,
    "proceedsfromsaleofpropertyplantandequipment": 18972,
    "netcashprovidedbyusedininvestingactivities": -498765,
    "paymentsforrepurchaseofcommonstock": 176592,
    "netcashprovidedbyusedinfinancingactivities": -176592,
    "cashcashequivalentsrestrictedcashandrestrictedcashequivalentsperiodincreasedecreaseincludingexchangerateeffect": -261666,
    "cashcashequivalentsrestrictedcashandrestrictedcashequivalentsincludingdisposalgroupanddiscontinuedoperations": 7148207,
    "sharebasedcompensationarrangementbysharebasedpaymentawardfairvalueassumptionsweightedaveragevolatilityrate": 0.396,
    "sharebasedcompensationarrangementbysharebasedpaymentawardfairvalueassumptionsriskfreeinterestrate": 0.035,
    "sharebasedcompensationarrangementbysharebasedpaymentawardfairvalueassumptionsexpectedterm1": "P2Y",
    "accruedroyaltyincome": 126423,
    "antidilutivesecuritiesexcludedfromcomputationofearningspershareamount": 310794,
    "taxesother": 140840,
    "propertyplantandequipmentusefullife": "P5Y",
    "cashandcashequivalentsfairvaluedisclosure": 7148207,
    "assetsfairvaluedisclosure": 8152810,
    "propertyplantandequipmentgross": 6815711,
    "accumulateddepreciationdepletionandamortizationpropertyplantandequipment": 87536,
    "areaofland": 6.67,
    "resultsofoperationsroyaltyinterests": 596755,
    "resultsofoperationsrevenuefromoilandgasproducingactivities": 596755,
    "resultsofoperationsexpensefromoilandgasproducingactivities": 50312,
    "resultsofoperationsincomebeforeincometaxes": 546443,
    "resultsofoperationsincometaxexpense": 140155,
    "resultsofoperationsoilandgasproducingactivitiesnetincomeexcludingcorporateoverheadandinterestcosts": 406288,
    "productionbarrelsofoilequivalents1": 14891,
    "numberofoperatingsegments": 3,
    "capitalexpendituresincurredbutnotyetpaid": 16461,
    "depreciationdepletionandamortization": 883,
    "othernonoperatingincomeexpense": -2824676,
    "incomelossfromcontinuingoperationsbeforeincometaxesminorityinterestandincomelossfromequitymethodinvestments": -1805431,
    "effectiveincometaxratereconciliationatfederalstatutoryincometaxrate": 0.26,
    "deferredtaxassetsgross": 300050,
    "deferredtaxassetsliabilitiesnet": 300050,
    "incometaxreconciliationincometaxexpensebenefitatfederalstatutoryincometaxrate": -464762,
    "incometaxratereconciliationnondeductibleexpensefederalstatutorydepletionamount": -18798,
    "incometaxratereconciliationnondeductibleexpensestatestatutorydepletionamount": -4153,
    "incometaxexpensebenefitcontinuingoperationsdiscontinuedoperationsextraordinaryitems": -487713,
    "sharebasedcompensationarrangementbysharebasedpaymentawardnonoptionequityinstrumentsgranted": 76755,
    "sharebasedcompensationarrangementbysharebasedpaymentawardawardvestingperiod1": "P3Y",
    "sharebasedcompensationarrangementbysharebasedpaymentawardequityinstrumentsotherthanoptionsvestedinperiod": 14622,
    "sharebasedcompensationarrangementbysharebasedpaymentawardequityinstrumentsotherthanoptionsgrantsinperiodfairvalue": 3374002,
    "employeeservicesharebasedcompensationnonvestedawardstotalcompensationcostnotyetrecognized": 1065465,
    "sharespaidfortaxwithholdingforsharebasedcompensation": 14274,
    "allocatedsharebasedcompensationexpense": 230506
  },
  {
    "date": "2021-12-30",
    "symbol": "CKX",
    "period": "FY",
    "entitycentralindexkey": 352955,
    "entityregistrantname": "CKX LANDS, INC.",
    "amendmentflag": "false",
    "currentfiscalyearenddate": "--12-31",
    "documentfiscalperiodfocus": "FY",
    "documentfiscalyearfocus": 2021,
    "documenttype": "10-K",
    "documentannualreport": "true",
    "documentperiodenddate": "2021-12-31",
    "documenttransitionreport": "false",
    "entityfilenumber": "1-31905",
    "entityincorporationstatecountrycode": "LA",
    "entitytaxidentificationnumber": "72-0144530",
    "entityaddressaddressline1": "2417 Shell Beach Drive",
    "entityaddresscityortown": "Lake Charles",
    "entityaddressstateorprovince": "LA",
    "entityaddresspostalzipcode": 70601,
    "cityareacode": 337,
    "localphonenumber": "493-2399",
    "security12btitle": "Common Stock with no par value",
    "tradingsymbol": "CKX",
    "securityexchangename": "NYSE",
    "entitywellknownseasonedissuer": "No",
    "entityvoluntaryfilers": "No",
    "entitycurrentreportingstatus": "Yes",
    "entityinteractivedatacurrent": "Yes",
    "entityfilercategory": "Non-accelerated Filer",
    "entitysmallbusiness": "true",
    "entityemerginggrowthcompany": "false",
    "icfrauditorattestationflag": "false",
    "entityshellcompany": "false",
    "auditorname": "MaloneBailey, LLP",
    "auditorlocation": "Houston, Texas",
    "auditorfirmid": 206,
    "commonstocksharesauthorized": 3000000,
    "commonstocksharesissued": 1942495,
    "commonstocksharesoutstanding": 1942495,
    "equitysecuritiesfvni": 502832,
    "areaofland": 138.57,
    "accruedroyaltyincome": 50379,
    "taxesother": 146095,
    "depreciation": 2027,
    "depletion": 563,
    "paymentstoacquireland": 4063,
    "gainlossonsaleofproperties": 1025735,
    "numberofoperatingsegments": 3,
    "revenues": 744545,
    "effectiveincometaxratereconciliationatfederalstatutoryincometaxrate": 0.21,
    "operatingleaseleaseincome": 190203,
    "propertyplantandequipmentusefullife": "P5Y",
    "resultsofoperationsroyaltyinterests": 364907,
    "resultsofoperationsrevenuefromoilandgasproducingactivities": 364907,
    "resultsofoperationsexpensefromoilandgasproducingactivities": 41685,
    "resultsofoperationsincomebeforeincometaxes": 323222,
    "resultsofoperationsincometaxexpense": 93734,
    "resultsofoperationsoilandgasproducingactivitiesnetincomeexcludingcorporateoverheadandinterestcosts": 229488,
    "productionbarrelsofoilequivalents1": 10410,
    "deferredincometaxliabilities": 187664,
    "deferredtaxliabilities": 187664,
    "deferredincometaxliabilitiesnet": 187664,
    "sharesoutstanding": 1942495,
    "stockholdersequity": 16606187,
    "netincomeloss": 819349,
    "incometaxreconciliationincometaxexpensebenefitatfederalstatutoryincometaxrate": 310412,
    "incometaxratereconciliationnondeductibleexpensefederalstatutorydepletionamount": -11495,
    "incometaxratereconciliationnondeductibleexpensestatestatutorydepletionamount": -6130,
    "incometaxratereconciliationdeductionstateandlocalincometaxes": -12751,
    "incometaxratereconciliationdeductionfederalincometaxes": -18200,
    "incometaxreconciliationotheradjustments": 2134,
    "incometaxexpensebenefitcontinuingoperationsdiscontinuedoperationsextraordinaryitems": 263970,
    "revenuefromcontractwithcustomerexcludingassessedtax": 364907,
    "cashandcashequivalentsatcarryingvalue": 7409873,
    "accountsreceivablenetcurrent": 50739,
    "prepaidexpenseandotherassetscurrent": 35405,
    "assetscurrent": 7998849,
    "propertyplantandequipmentnet": 9056238,
    "assets": 17055087,
    "accountspayableandaccruedliabilitiescurrent": 111123,
    "contractwithcustomerliabilitycurrent": 150113,
    "liabilitiescurrent": 261236,
    "liabilities": 448900,
    "commonstockvalue": 59335,
    "retainedearningsaccumulateddeficit": 16546852,
    "liabilitiesandstockholdersequity": 17055087,
    "costofgoodsandservicessold": 41685,
    "generalandadministrativeexpense": 651574,
    "gainlossonsaleofproperty": 1025735,
    "costsandexpenses": -318765,
    "operatingincomeloss": 1063310,
    "investmentincomeinterest": 15625,
    "miscellaneousincome": 4384,
    "incomelossfromcontinuingoperationsbeforeincometaxesextraordinaryitemsnoncontrollinginterest": 1083319,
    "currentincometaxexpensebenefit": 263970,
    "incometaxexpensebenefit": 263970,
    "earningspersharebasicanddiluted": 0.42,
    "weightedaveragenumberofshareoutstandingbasicanddiluted": 1942495,
    "increasedecreaseinoperatingassets": -21082,
    "increasedecreaseinoperatingliabilities": -80959,
    "netcashprovidedbyusedinoperatingactivities": -263673,
    "paymentstoacquireinvestments": 237,
    "paymentsofreforestingtimbercosts": 18606,
    "proceedsfromsaleofpropertyplantandequipment": 1233197,
    "netcashprovidedbyusedininvestingactivities": 1210291,
    "cashcashequivalentsrestrictedcashandrestrictedcashequivalentsperiodincreasedecreaseincludingexchangerateeffect": 946618,
    "cashcashequivalentsrestrictedcashandrestrictedcashequivalentsincludingdisposalgroupanddiscontinuedoperations": 7409873,
    "incometaxespaid": 289423,
    "propertyplantandequipmentgross": 6815147,
    "accumulateddepreciationdepletionandamortizationpropertyplantandequipment": 82496,
    "capitalexpendituresincurredbutnotyetpaid": 18606,
    "depreciationdepletionandamortization": 563,
    "othernonoperatingincomeexpense": 392143,
    "incomelossfromcontinuingoperationsbeforeincometaxesminorityinterestandincomelossfromequitymethodinvestments": 1083319,
    "cashandcashequivalentsfairvaluedisclosure": 7409873,
    "investmentsfairvaluedisclosure": 504606,
    "assetsfairvaluedisclosure": 7914479
  },
  {
    "date": "2020-12-30",
    "symbol": "CKX",
    "period": "FY",
    "entityregistrantname": "CKX LANDS, INC.",
    "entitycentralindexkey": 352955,
    "tradingsymbol": "ckx",
    "currentfiscalyearenddate": "--12-31",
    "entityfilercategory": "Non-accelerated Filer",
    "entitycurrentreportingstatus": "Yes",
    "entityvoluntaryfilers": "No",
    "entitywellknownseasonedissuer": "No",
    "entityemerginggrowthcompany": "false",
    "entitysmallbusiness": "true",
    "entityinteractivedatacurrent": "Yes",
    "entityshellcompany": "false",
    "documenttype": "10-K",
    "documentperiodenddate": "2020-12-31",
    "documentfiscalyearfocus": 2020,
    "documentfiscalperiodfocus": "FY",
    "amendmentflag": "false",
    "security12btitle": "Common Stock with no par value",
    "commonstocksharesauthorized": 3000000,
    "commonstocksharesissued": 1942495,
    "commonstocksharesoutstanding": 1942495,
    "equitysecuritiesfvni": 502595,
    "areaofland": 3.17,
    "accruedroyaltyincome": 49113,
    "depositassetsstumpageagreements": 87300,
    "taxesother": 125124,
    "certificatesofdepositmaximumvalueperdeposit": 250000,
    "paymentstoacquireinvestments": 3960,
    "proceedsfromsalematurityandcollectionsofinvestments": 4682920,
    "depreciation": 2303,
    "depletion": 974,
    "gainlossonsaleofproperties": 354577,
    "numberofoperatingsegments": 3,
    "revenues": 671944,
    "effectiveincometaxratereconciliationatfederalstatutoryincometaxrate": 0.21,
    "relatedpartytransactionexpensesfromtransactionswithrelatedparty": 22407,
    "relatedpartyrentexpense": 6000,
    "operatingleaseleaseincome": 279977,
    "propertyplantandequipmentusefullife": "P15Y",
    "resultsofoperationsroyaltyinterests": 257247,
    "leasefeesrevenue": 5882,
    "resultsofoperationsrevenuefromoilandgasproducingactivities": 263129,
    "resultsofoperationsexpensefromoilandgasproducingactivities": 29379,
    "resultsofoperationsincomebeforeincometaxes": 233750,
    "resultsofoperationsincometaxexpense": 67788,
    "resultsofoperationsoilandgasproducingactivitiesnetincomeexcludingcorporateoverheadandinterestcosts": 165962,
    "productionbarrelsofoilequivalents1": 5043,
    "deferredincometaxliabilities": 187664,
    "deferredtaxliabilities": 187664,
    "deferredincometaxliabilitiesnet": 187664,
    "sharesoutstanding": 1942495,
    "stockholdersequity": 15786838,
    "netincomeloss": 339383,
    "revenuefromcontractwithcustomerincludingassessedtax": 38333,
    "incometaxreconciliationincometaxexpensebenefitatfederalstatutoryincometaxrate": 91599,
    "incometaxreconciliationnondeductibleexpensedepletion": -8103,
    "incometaxreconciliationstateandlocalincometaxes": -1425,
    "incometaxreconciliationotheradjustments": -1040,
    "incometaxexpensebenefitcontinuingoperationsdiscontinuedoperationsextraordinaryitems": 81031,
    "cash": 6463255,
    "accountsreceivablenetcurrent": 98515,
    "prepaidexpenseandotherassetscurrent": 8711,
    "assetscurrent": 7073076,
    "propertyplantandequipmentnet": 9243621,
    "assets": 16316697,
    "accountspayableandaccruedliabilitiescurrent": 110786,
    "contractwithcustomerliabilitycurrent": 231409,
    "liabilitiescurrent": 342195,
    "liabilities": 529859,
    "commonstockvalue": 59335,
    "retainedearningsaccumulateddeficit": 15727503,
    "liabilitiesandstockholdersequity": 16316697,
    "revenuefromcontractwithcustomerexcludingassessedtax": 134720,
    "costofgoodsandservicessold": 1154,
    "generalandadministrativeexpense": 605223,
    "gainlossonsaleofproperty": 354577,
    "costsandexpenses": 39942,
    "operatingincomeloss": 632002,
    "investmentincomeinterest": 44179,
    "miscellaneousincomefromtimberdamage": 14992,
    "incomelossfromcontinuingoperationsbeforeincometaxesminorityinterestandincomelossfromequitymethodinvestments": 438224,
    "currentincometaxexpensebenefit": 98841,
    "incometaxexpensebenefit": 98841,
    "earningspersharebasicanddiluted": 0.17,
    "weightedaveragenumberofshareoutstandingbasicanddiluted": 1942495,
    "unrealizedgainlossoninvestments": -2007,
    "increasedecreaseinoperatingassets": -35291,
    "increasedecreaseinoperatingliabilities": 114784,
    "netcashprovidedbyusedinoperatingactivities": 140165,
    "paymentsforproceedsfromotherinvestingactivities": 1985920,
    "proceedsfromsaleandmaturityofmarketablesecurities": 4682920,
    "paymentsofreforestingtimbercosts": 9321,
    "proceedsfromsaleofpropertyplantandequipment": 359082,
    "netcashprovidedbyusedininvestingactivities": 3042801,
    "cashcashequivalentsrestrictedcashandrestrictedcashequivalentsperiodincreasedecreaseincludingexchangerateeffect": 3182966,
    "cashcashequivalentsrestrictedcashandrestrictedcashequivalentsincludingdisposalgroupanddiscontinuedoperations": 6463255,
    "incometaxespaid": 92770,
    "propertyplantandequipmentgross": 9324091,
    "accumulateddepreciationdepletionandamortizationpropertyplantandequipment": 80470,
    "cashandcashequivalentsfairvaluedisclosure": 6463255,
    "investmentsfairvaluedisclosure": 502595,
    "assetsfairvaluedisclosure": 6965850,
    "capitalexpendituresincurredbutnotyetpaid": 9321,
    "depreciationdepletionandamortization": 3277,
    "othernonoperatingincomeexpense": -193778
  },
  {
    "date": "2019-12-30",
    "symbol": "CKX",
    "period": "FY",
    "entityregistrantname": "CKX LANDS, INC.",
    "entitycentralindexkey": 352955,
    "tradingsymbol": "ckx",
    "currentfiscalyearenddate": "--12-31",
    "entityfilercategory": "Non-accelerated Filer",
    "entitycurrentreportingstatus": "Yes",
    "entityvoluntaryfilers": "No",
    "entitywellknownseasonedissuer": "No",
    "entityemerginggrowthcompany": "false",
    "entitysmallbusiness": "true",
    "entityinteractivedatacurrent": "Yes",
    "entityshellcompany": "false",
    "documenttype": "10-K",
    "documentperiodenddate": "2019-12-31",
    "documentfiscalyearfocus": 2019,
    "documentfiscalperiodfocus": "FY",
    "amendmentflag": "false",
    "security12btitle": "Common Stock with no par value",
    "commonstocksharesauthorized": 3000000,
    "commonstocksharesissued": 1942495,
    "commonstocksharesoutstanding": 1942495,
    "equitysecuritiesfvni": 500642,
    "accruedroyaltyincome": 84880,
    "depositassetsstumpageagreements": 87300,
    "contractwithcustomerliability": 7499,
    "taxesother": 151204,
    "certificatesofdepositatcarryingvaluecurrentandnoncurrent": 2697000,
    "paymentstoacquireinvestments": 255578,
    "proceedsfromsalematurityandcollectionsofinvestments": 3854000,
    "depreciationdepletionandamortization": 2362,
    "gainlossonsaleofproperties": 80876,
    "numberofoperatingsegments": 3,
    "revenues": 811271,
    "effectiveincometaxratereconciliationatfederalstatutoryincometaxrate": 0.21,
    "relatedpartytransactionexpensesfromtransactionswithrelatedparty": 33914,
    "operatingleasesrentexpensenet": 9000,
    "propertyplantandequipmentusefullife": "P15Y",
    "resultsofoperationsroyaltyinterests": 500426,
    "leasefeesrevenue": 22901,
    "resultsofoperationsrevenuefromoilandgasproducingactivities": 523327,
    "resultsofoperationsexpensefromoilandgasproducingactivities": 57454,
    "resultsofoperationsincomebeforeincometaxes": 465873,
    "resultsofoperationsincometaxexpense": 135103,
    "resultsofoperationsoilandgasproducingactivitiesnetincomeexcludingcorporateoverheadandinterestcosts": 330770,
    "productionbarrelsofoilequivalents1": 6272,
    "deferredincometaxliabilities": 187664,
    "deferredtaxliabilities": 187664,
    "deferredincometaxliabilitiesnet": 187664,
    "sharesoutstanding": 1942495,
    "stockholdersequity": 15447455,
    "netincomeloss": 249933,
    "revenuefromcontractwithcustomerincludingassessedtax": 43954,
    "cash": 3280289,
    "certificatesofdepositatcarryingvalue": 2697000,
    "accountsreceivablenetcurrent": 102786,
    "prepaidexpenseandotherassetscurrent": 39731,
    "assetscurrent": 6620448,
    "propertyplantandequipmentnet": 9242082,
    "assets": 15862530,
    "accountspayableandaccruedliabilitiescurrent": 62253,
    "contractwithcustomerliabilitycurrent": 165158,
    "liabilitiescurrent": 227411,
    "liabilities": 415075,
    "commonstockvalue": 59335,
    "retainedearningsaccumulateddeficit": 15388120,
    "liabilitiesandstockholdersequity": 15862530,
    "revenuefromcontractwithcustomerexcludingassessedtax": 72847,
    "operatingleasesincomestatementleaserevenue": 237998,
    "costofgoodsandservicessold": 1274,
    "generalandadministrativeexpense": 618919,
    "depreciation": 1750,
    "gainlossonsaleofproperty": 80876,
    "costsandexpenses": 79872,
    "operatingincomeloss": 731399,
    "investmentincomeinterest": 109582,
    "incomelossfromcontinuingoperationsbeforeincometaxesminorityinterestandincomelossfromequitymethodinvestments": 301188,
    "currentincometaxexpensebenefit": 51255,
    "incometaxexpensebenefit": 51255,
    "netincomelossavailabletocommonstockholdersbasic": 249933,
    "earningspersharebasic": 0.13,
    "weightedaveragenumberofshareoutstandingbasicanddiluted": 1942495,
    "depletion": 611,
    "unrealizedgainlossoninvestments": 240,
    "increasedecreaseinoperatingassets": -12937,
    "increasedecreaseinoperatingliabilities": 10596,
    "netcashprovidedbyusedinoperatingactivities": 194711,
    "paymentsforproceedsfromotherinvestingactivities": 2456000,
    "proceedsfromsaleandmaturityofmarketablesecurities": 3854000,
    "paymentsofreforestingtimbercosts": 26815,
    "proceedsfromsaleofpropertyplantandequipment": 109235,
    "netcashprovidedbyusedininvestingactivities": 1224842,
    "cashcashequivalentsrestrictedcashandrestrictedcashequivalentsperiodincreasedecreaseincludingexchangerateeffect": 1419553,
    "cashcashequivalentsrestrictedcashandrestrictedcashequivalents": 3280289,
    "incometaxespaid": 67107,
    "land": 7023053,
    "timber": 2188594,
    "buildingandequipment": 108602,
    "propertyplantandequipmentgross": 9320249,
    "accumulateddepreciationdepletionandamortizationpropertyplantandequipment": 78167,
    "othernonoperatingincomeexpense": -430211,
    "capitalexpendituresincurredbutnotyetpaid": 26815,
    "cashandcashequivalentsfairvaluedisclosure": 3280289,
    "investmentsfairvaluedisclosure": 500642,
    "assetsfairvaluedisclosure": 6477931
  }
]