[
  {
    "date": "2023-12-30",
    "symbol": "CVR",
    "period": "FY",
    "entitycentralindexkey": 19871,
    "currentfiscalyearenddate": "--12-31",
    "documenttype": "10-K",
    "documentannualreport": "true",
    "documentperiodenddate": "2023-12-31",
    "documenttransitionreport": "false",
    "entityfilenumber": "000-01227",
    "entityregistrantname": "CHICAGO RIVET & MACHINE CO",
    "entityincorporationstatecountrycode": "IL",
    "entitytaxidentificationnumber": "36-0904920",
    "entityaddressaddressline1": "901 Frontenac Road",
    "entityaddresscityortown": "Naperville",
    "entityaddressstateorprovince": "IL",
    "entityaddresspostalzipcode": 60563,
    "cityareacode": 630,
    "localphonenumber": "357-8500",
    "security12btitle": "Common Stock, par value $1.00 per share",
    "tradingsymbol": "CVR",
    "securityexchangename": "NYSEAMER",
    "entitywellknownseasonedissuer": "No",
    "entityvoluntaryfilers": "No",
    "entitycurrentreportingstatus": "Yes",
    "entityinteractivedatacurrent": "Yes",
    "entityfilercategory": "Non-accelerated Filer",
    "entitysmallbusiness": "true",
    "entityemerginggrowthcompany": "false",
    "icfrauditorattestationflag": "false",
    "documentfinstmterrorcorrectionflag": "false",
    "entityshellcompany": "false",
    "amendmentflag": "false",
    "documentfiscalyearfocus": 2023,
    "documentfiscalperiodfocus": "FY",
    "auditorfirmid": 173,
    "auditorname": "Crowe LLP",
    "auditorlocation": "Oak Brook, Illinois",
    "cashandcashequivalentsatcarryingvalue": 1387075,
    "shortterminvestments": 1771120,
    "accountsreceivablenetcurrent": 4275882,
    "contractwithcustomerassetnetcurrent": 118301,
    "inventorynet": 7327653,
    "prepaidtaxes": 580287,
    "otherassetscurrent": 380562,
    "assetscurrent": 15840880,
    "propertyplantandequipmentnet": 11665082,
    "deferredincometaxassetsnet": 324943,
    "assets": 27830905,
    "accountspayablecurrent": 788974,
    "employeerelatedliabilitiescurrent": 514900,
    "accruedliabilitiescurrent": 129963,
    "customeradvancesanddepositscurrent": 430179,
    "liabilitiescurrent": 1864016,
    "liabilities": 1864016,
    "commonstockvalueoutstanding": 1138096,
    "additionalpaidincapital": 447134,
    "retainedearningsaccumulateddeficit": 28303757,
    "treasurystockvalue": 3922098,
    "stockholdersequity": 25966889,
    "liabilitiesandstockholdersequity": 27830905,
    "preferredstocksharesauthorized": 500000,
    "commonstockparorstatedvaluepershare": 1,
    "commonstocksharesauthorized": 4000000,
    "commonstocksharesissued": 1138096,
    "commonstocksharesoutstanding": 966132,
    "revenues": 31507722,
    "costofrevenue": 32107312,
    "grossprofit": -599590,
    "sellinggeneralandadministrativeexpense": 5237656,
    "operatingexpenses": 5237656,
    "operatingincomeloss": -5837246,
    "othernonoperatingincomeexpense": 108234,
    "incomelossfromcontinuingoperationsbeforeincometaxesdomestic": -5729012,
    "incometaxexpensebenefit": -1327428,
    "netincomeloss": -4401584,
    "incomelossfromcontinuingoperationsperbasicshare": -4.56,
    "incomelossfromcontinuingoperationsperdilutedshare": -4.56,
    "weightedaveragenumberofsharesoutstandingbasic": 966132,
    "weightedaveragenumberofdilutedsharesoutstanding": 966132,
    "commonstockdividendspersharedeclared": 0.64,
    "treasurystockcommonshares": 171964,
    "dividends": 618325,
    "depreciation": 1275078,
    "gainlossondispositionofassets": -50422,
    "deferredincometaxexpensebenefit": -1273027,
    "increasedecreaseinaccountsreceivable": 699255,
    "increasedecreaseincontractwithcustomerasset": -118301,
    "increasedecreaseininventories": 1793577,
    "increasedecreaseinotheroperatingassets": -28983,
    "increasedecreaseinaccountspayable": 91739,
    "increasedecreaseinemployeerelatedliabilities": 52568,
    "increasedecreaseinotheraccruedliabilities": -197998,
    "increasedecreaseincustomeradvancesanddeposits": 226462,
    "netcashprovidedbyusedinoperatingactivities": -1931636,
    "paymentstoacquireproductiveassets": 1078367,
    "proceedsfromsaleofpropertyplantandequipment": 50422,
    "proceedsfrommaturitiesprepaymentsandcallsofheldtomaturitysecurities": 2691000,
    "paymentstoacquireheldtomaturitysecurities": 1771120,
    "netcashprovidedbyusedininvestingactivities": -108065,
    "paymentsofdividendscommonstock": 618325,
    "netcashprovidedbyusedinfinancingactivities": -618325,
    "cashcashequivalentsrestrictedcashandrestrictedcashequivalentsperiodincreasedecreaseexcludingexchangerateeffect": -2658026,
    "contractwithcustomerliabilityrevenuerecognized": 342328,
    "revenueremainingperformanceobligation": 123172,
    "propertyplantandequipmentusefullife": "P15Y",
    "inventoryrawmaterials": 2878869,
    "inventoryworkinprocess": 2374795,
    "inventoryfinishedgoods": 2614989,
    "inventoryvaluationreserves": 541000,
    "landandlandimprovements": 1510513,
    "buildingsandimprovementsgross": 6835619,
    "machineryandequipmentgross": 37019453,
    "propertyplantandequipmentother": 933449,
    "accumulateddepreciationdepletionandamortizationpropertyplantandequipment": 34633952,
    "propertyplantandequipmentothernet": 11665082,
    "accrualfortaxesotherthanincometaxescurrent": 20342,
    "otheraccruedliabilitiescurrent": 109621,
    "valuationallowancesandreservesbalance": 160000,
    "valuationallowancesandreserveschargedtocostandexpense": 13804,
    "valuationallowancesandreservesdeductions": -13804,
    "federalincometaxexpensebenefitcontinuingoperations": -1569,
    "currentstateandlocaltaxexpensebenefit": -52832,
    "incometaxreconciliationincometaxexpensebenefitatfederalstatutoryincometaxrate": -1203000,
    "effectiveincometaxratereconciliationatfederalstatutoryincometaxrate": 0.21,
    "incometaxreconciliationotheradjustments": -3428,
    "effectiveincometaxratereconciliationotheradjustments": -0.001,
    "incometaxreconciliationstateandlocalincometaxes": -121000,
    "effectiveincometaxratereconciliationstateandlocalincometaxes": -0.021,
    "effectiveincometaxratecontinuingoperations": -0.232,
    "deferredtaxliabilitiespropertyplantandequipment": 1254472,
    "deferredtaxassetsinventory": 157307,
    "deferredtaxassetstaxdeferredexpensecompensationandbenefitscompensatedabsences": 66240,
    "deferredtaxassetstaxdeferredexpensereservesandaccrualsallowancefordoubtfulaccounts": 33600,
    "deferredtaxassetsoperatinglosscarryforwards": 1262621,
    "deferredtaxassetsother": 59647,
    "deferredtaxassetsnet": 324943,
    "operatinglosscarryforwards": 6045000,
    "investmentincomeinterest": 103230,
    "othernonoperatingincome": 5004,
    "segmentoperatingprofit": -3747744,
    "sellingandadministrativeexpensesunallocatedcorporate": -2638658,
    "interestandotherincome": 108234,
    "paymentstoacquirepropertyplantandequipment": 1041896,
    "otherassets": 4443987,
    "revenuefromcontractwithcustomerexcludingassessedtax": 19297188,
    "concentrationriskpercentage1": 0.16,
    "additionalinformationaboutentitysreportablesegments": 15,
    "operatingleasesrentexpensenet": 128000,
    "operatingleasesfutureminimumpaymentsduefutureminimumsubleaserentals": 112800,
    "dividendspayabledatedeclareddaymonthandyear": "2024-02-19",
    "dividendspayableamountpershare": 0.1,
    "dividendspayablecurrent": 96613.2,
    "dividendpayabledatetobepaiddaymonthandyear": "2024-03-20",
    "dividendspayabledateofrecorddaymonthandyear": "2024-03-05"
  },
  {
    "date": "2022-12-30",
    "symbol": "CVR",
    "period": "FY",
    "entitycentralindexkey": 19871,
    "currentfiscalyearenddate": "--12-31",
    "documenttype": "10-K",
    "documentannualreport": "true",
    "documentperiodenddate": "2022-12-31",
    "documenttransitionreport": "false",
    "entityfilenumber": "000-01227",
    "entityregistrantname": "CHICAGO RIVET & MACHINE CO",
    "entityincorporationstatecountrycode": "IL",
    "entitytaxidentificationnumber": "36-0904920",
    "entityaddressaddressline1": "901 Frontenac Road",
    "entityaddresscityortown": "Naperville",
    "entityaddressstateorprovince": "IL",
    "entityaddresspostalzipcode": 60563,
    "cityareacode": 630,
    "localphonenumber": "357-8500",
    "security12btitle": "Common Stock, par value $1.00 per share",
    "tradingsymbol": "CVR",
    "securityexchangename": "NYSEAMER",
    "entitywellknownseasonedissuer": "No",
    "entityvoluntaryfilers": "No",
    "entitycurrentreportingstatus": "Yes",
    "entityinteractivedatacurrent": "Yes",
    "entityfilercategory": "Non-accelerated Filer",
    "entitysmallbusiness": "true",
    "entityemerginggrowthcompany": "false",
    "icfrauditorattestationflag": "false",
    "entityshellcompany": "false",
    "amendmentflag": "false",
    "documentfiscalyearfocus": 2022,
    "documentfiscalperiodfocus": "FY",
    "auditorfirmid": 173,
    "auditorname": "Crowe LLP",
    "auditorlocation": "Oak Brook, Illinois",
    "cashandcashequivalentsatcarryingvalue": 4045101,
    "certificatesofdepositatcarryingvalue": 2691000,
    "accountsreceivablenetcurrent": 4975137,
    "inventorynet": 9121230,
    "prepaidtaxes": 509119,
    "otherassetscurrent": 422747,
    "assetscurrent": 21764334,
    "propertyplantandequipmentnet": 11861793,
    "assets": 33626127,
    "accountspayablecurrent": 697235,
    "employeerelatedliabilitiescurrent": 462332,
    "accruedliabilitiescurrent": 327961,
    "customeradvancesanddepositscurrent": 203717,
    "liabilitiescurrent": 1691245,
    "deferredincometaxliabilitiesnet": 948084,
    "liabilities": 2639329,
    "commonstockvalueoutstanding": 1138096,
    "additionalpaidincapital": 447134,
    "retainedearningsaccumulateddeficit": 33323666,
    "treasurystockvalue": 3922098,
    "stockholdersequity": 30986798,
    "liabilitiesandstockholdersequity": 33626127,
    "preferredstocksharesauthorized": 500000,
    "commonstockparorstatedvaluepershare": 1,
    "commonstocksharesauthorized": 4000000,
    "commonstocksharesissued": 1138096,
    "commonstocksharesoutstanding": 966132,
    "revenues": 33646033,
    "costofrevenue": 29830710,
    "grossprofit": 3815323,
    "sellinggeneralandadministrativeexpense": 4992521,
    "gainlossonsaleofpropertyplantequipment": 4738394,
    "operatingexpenses": 254127,
    "operatingincomeloss": 3561196,
    "othernonoperatingincomeexpense": 91433,
    "incomelossfromcontinuingoperationsbeforeincometaxesdomestic": 3652629,
    "incometaxexpensebenefit": 785000,
    "netincomeloss": 2867629,
    "incomelossfromcontinuingoperationsperbasicshare": 2.97,
    "incomelossfromcontinuingoperationsperdilutedshare": 2.97,
    "weightedaveragenumberofsharesoutstandingbasic": 966132,
    "weightedaveragenumberofdilutedsharesoutstanding": 966132,
    "commonstockdividendspersharedeclared": 0.88,
    "treasurystockshares": 171964,
    "dividends": 850196,
    "depreciation": 1279870,
    "gainlossondispositionofassets": -4741096,
    "deferredincometaxexpensebenefit": 22000,
    "increasedecreaseinaccountsreceivable": 672847,
    "increasedecreaseininventories": -601450,
    "increasedecreaseinotheroperatingassets": -585190,
    "increasedecreaseinaccountspayable": 4600,
    "increasedecreaseinemployeerelatedliabilities": -47000,
    "increasedecreaseinotheraccruedliabilities": -38457,
    "increasedecreaseincustomeradvancesanddeposits": -98707,
    "netcashprovidedbyusedinoperatingactivities": -1264954,
    "paymentstoacquireproductiveassets": 969943,
    "proceedsfromsaleofpropertyplantandequipment": 5043240,
    "proceedsfrommaturitiesprepaymentsandcallsofheldtomaturitysecurities": 1495000,
    "paymentstoacquireheldtomaturitysecurities": 1445000,
    "netcashprovidedbyusedininvestingactivities": 4123297,
    "paymentsofdividendscommonstock": 850196,
    "netcashprovidedbyusedinfinancingactivities": -850196,
    "cashcashequivalentsrestrictedcashandrestrictedcashequivalentsperiodincreasedecreaseexcludingexchangerateeffect": 2008147,
    "incometaxespaidnet": 1271679,
    "contractwithcustomerliabilityrevenuerecognized": 302357,
    "propertyplantandequipmentusefullife": "P15Y",
    "inventoryrawmaterials": 4460071,
    "inventoryworkinprocess": 2747427,
    "inventoryfinishedgoods": 2534732,
    "inventoryvaluationreserves": 621000,
    "landandlandimprovements": 1510513,
    "buildingsandimprovementsgross": 6818066,
    "machineryandequipmentgross": 35982194,
    "propertyplantandequipmentother": 1038768,
    "accumulateddepreciationdepletionandamortizationpropertyplantandequipment": 33487748,
    "propertyplantandequipmentothernet": 11861793,
    "otheremployeerelatedliabilitiescurrent": 170000,
    "accrualfortaxesotherthanincometaxescurrent": 41497,
    "otheraccruedliabilitiescurrent": 116464,
    "valuationallowancesandreservesbalance": 160000,
    "valuationallowancesandreserveschargedtocostandexpense": -1660,
    "valuationallowancesandreservesdeductions": -8340,
    "federalincometaxexpensebenefitcontinuingoperations": 723000,
    "currentstateandlocaltaxexpensebenefit": 40000,
    "incometaxreconciliationincometaxexpensebenefitatfederalstatutoryincometaxrate": 767000,
    "effectiveincometaxratereconciliationatfederalstatutoryincometaxrate": 0.21,
    "incometaxreconciliationotheradjustments": -14000,
    "effectiveincometaxratereconciliationotheradjustments": -0.004,
    "incometaxreconciliationstateandlocalincometaxes": 32000,
    "effectiveincometaxratereconciliationstateandlocalincometaxes": 0.009,
    "effectiveincometaxratecontinuingoperations": 0.215,
    "deferredtaxliabilitiespropertyplantandequipment": 1216451,
    "deferredtaxassetsinventory": 157687,
    "deferredtaxassetstaxdeferredexpensecompensationandbenefitscompensatedabsences": 71923,
    "deferredtaxassetstaxdeferredexpensereservesandaccrualsallowancefordoubtfulaccounts": 38250,
    "deferredtaxassetsother": 507,
    "deferredtaxassetsliabilitiesnet": 948084,
    "definedcontributionplanemployerdiscretionarycontributionamount": 170000,
    "investmentincomeinterest": 55333,
    "othernonoperatingincome": 36100,
    "segmentoperatingprofit": 505751,
    "sellingandadministrativeexpensesunallocatedcorporate": -2096944,
    "interestandotherincome": 91433,
    "paymentstoacquirepropertyplantandequipment": 868654,
    "otherassets": 7667967,
    "revenuefromcontractwithcustomerexcludingassessedtax": 18454238,
    "concentrationriskpercentage1": 0.15,
    "additionalinformationaboutentitysreportablesegments": 19,
    "operatingleasesrentexpensenet": 91000,
    "operatingleasesfutureminimumpaymentsduefutureminimumsubleaserentals": 51000,
    "dividendspayabledatedeclareddaymonthandyear": "2023-02-20",
    "dividendspayableamountpershare": 0.22,
    "dividendspayablecurrent": 212549,
    "dividendpayabledatetobepaiddaymonthandyear": "2023-03-20",
    "dividendspayabledateofrecorddaymonthandyear": "2023-03-03"
  },
  {
    "date": "2021-12-30",
    "symbol": "CVR",
    "period": "FY",
    "entitycentralindexkey": 19871,
    "documenttype": "10-K",
    "documentannualreport": "true",
    "documentperiodenddate": "2021-12-31",
    "currentfiscalyearenddate": "--12-31",
    "documenttransitionreport": "false",
    "entityfilenumber": "000-01227",
    "entityregistrantname": "CHICAGO RIVET & MACHINE CO",
    "entityincorporationstatecountrycode": "IL",
    "entitytaxidentificationnumber": "36-0904920",
    "entityaddressaddressline1": "901 Frontenac Road",
    "entityaddresscityortown": "Naperville",
    "entityaddressstateorprovince": "IL",
    "entityaddresspostalzipcode": 60563,
    "cityareacode": 630,
    "localphonenumber": "357-8500",
    "security12btitle": "Common Stock, par value $1.00 per share",
    "tradingsymbol": "CVR",
    "securityexchangename": "NYSEAMER",
    "entitywellknownseasonedissuer": "No",
    "entityvoluntaryfilers": "No",
    "entitycurrentreportingstatus": "Yes",
    "entityinteractivedatacurrent": "Yes",
    "entityfilercategory": "Non-accelerated Filer",
    "entitysmallbusiness": "true",
    "entityemerginggrowthcompany": "false",
    "icfrauditorattestationflag": "false",
    "entityshellcompany": "false",
    "amendmentflag": "false",
    "documentfiscalyearfocus": 2021,
    "documentfiscalperiodfocus": "FY",
    "auditorfirmid": 173,
    "auditorname": "Crowe LLP",
    "auditorlocation": "Oak Brook, Illinois",
    "cashandcashequivalentsatcarryingvalue": 2036954,
    "certificatesofdepositatcarryingvalue": 2741000,
    "accountsreceivablenetcurrent": 5647984,
    "inventorynet": 8519780,
    "prepaidtaxes": 440,
    "otherassetscurrent": 346236,
    "assetscurrent": 19292394,
    "propertyplantandequipmentnet": 12473864,
    "assets": 31766258,
    "accountspayablecurrent": 692635,
    "employeerelatedliabilitiescurrent": 509332,
    "accruedliabilitiescurrent": 366418,
    "customeradvancesanddepositscurrent": 302424,
    "liabilitiescurrent": 1870809,
    "deferredtaxliabilitiesnoncurrent": 926084,
    "liabilities": 2796893,
    "commonstockvalueoutstanding": 1138096,
    "additionalpaidincapitalcommonstock": 447134,
    "retainedearningsaccumulateddeficit": 31306233,
    "treasurystockvalue": 3922098,
    "stockholdersequity": 28969365,
    "liabilitiesandstockholdersequity": 31766258,
    "allowancefordoubtfulaccountsreceivablecurrent": 170000,
    "preferredstocksharesauthorized": 500000,
    "commonstockparorstatedvaluepershare": 1,
    "commonstocksharesauthorized": 4000000,
    "commonstocksharesissued": 1138096,
    "commonstocksharesoutstanding": 966132,
    "revenues": 33974558,
    "costofrevenue": 27509466,
    "grossprofit": 6465092,
    "sellinggeneralandadministrativeexpense": 5106177,
    "operatingincomeloss": 1358915,
    "othernonoperatingincomeexpense": 55557,
    "incomelossfromcontinuingoperationsbeforeincometaxesdomestic": 1414472,
    "incometaxexpensebenefit": 301000,
    "netincomeloss": 1113472,
    "incomelossfromcontinuingoperationsperbasicanddilutedshare": 1.15,
    "treasurystockshares": 171964,
    "dividends": 850196,
    "commonstockdividendspersharedeclared": 0.88,
    "depreciation": 1318554,
    "gainlossondispositionofassets": 21564,
    "deferredincometaxexpensebenefit": -85000,
    "increasedecreaseinaccountsreceivable": -484534,
    "increasedecreaseininventories": -3366486,
    "increasedecreaseinotheroperatingassets": 123036,
    "increasedecreaseinaccountspayable": 226211,
    "increasedecreaseinemployeerelatedliabilities": 27324,
    "increasedecreaseinotheraccruedliabilities": 43450,
    "increasedecreaseincustomeradvancesanddeposits": 52926,
    "netcashprovidedbyusedinoperatingactivities": -1009483,
    "paymentstoacquireproductiveassets": 670898,
    "proceedsfromsaleofpropertyplantandequipment": 7800,
    "proceedsfrommaturitiesprepaymentsandcallsofheldtomaturitysecurities": 4484000,
    "paymentstoacquireheldtomaturitysecurities": 2492000,
    "netcashprovidedbyusedininvestingactivities": 1328902,
    "paymentsofdividendscommonstock": 850196,
    "netcashprovidedbyusedinfinancingactivities": -850196,
    "cashandcashequivalentsperiodincreasedecrease": -530777,
    "incometaxespaid": 300500,
    "contractwithcustomerliabilityrevenuerecognized": 248799,
    "propertyplantandequipmentusefullife": "P15Y",
    "weightedaveragenumberofsharesoutstandingbasic": 966132,
    "inventoryrawmaterials": 4645923,
    "inventoryworkinprocess": 2181457,
    "inventoryfinishedgoods": 2304400,
    "inventoryvaluationreserves": 612000,
    "landandlandimprovements": 1778819,
    "buildingsandimprovementsgross": 8456983,
    "machineryandequipmentgross": 35618735,
    "propertyplantandequipmentother": 1060379,
    "accumulateddepreciationdepletionandamortizationpropertyplantandequipment": 34441052,
    "propertyplantandequipmentothernet": 12473864,
    "otheremployeerelatedliabilitiescurrent": 145000,
    "accrualfortaxesotherthanincometaxescurrent": 80269,
    "otheraccruedliabilitiescurrent": 141149,
    "valuationallowancesandreservesbalance": 170000,
    "valuationallowancesandreserveschargedtocostandexpense": 41308,
    "valuationallowancesandreservesdeductions": -29308,
    "federalincometaxexpensebenefitcontinuingoperations": 378000,
    "currentstateandlocaltaxexpensebenefit": 8000,
    "incometaxreconciliationincometaxexpensebenefitatfederalstatutoryincometaxrate": 297000,
    "effectiveincometaxratereconciliationatfederalstatutoryincometaxrate": 0.21,
    "incometaxreconciliationotheradjustments": -2000,
    "effectiveincometaxratereconciliationotheradjustments": -0.001,
    "incometaxreconciliationstateandlocalincometaxes": 6000,
    "effectiveincometaxratereconciliationstateandlocalincometaxes": 0.004,
    "effectiveincometaxratecontinuingoperations": 0.213,
    "deferredtaxliabilitiespropertyplantandequipment": 1196119,
    "deferredtaxassetsinventory": 157600,
    "deferredtaxassetstaxdeferredexpensecompensationandbenefitscompensatedabsences": 74037,
    "deferredtaxassetstaxdeferredexpensereservesandaccrualsallowancefordoubtfulaccounts": 38250,
    "deferredtaxassetsother": 148,
    "deferredtaxassetsliabilitiesnet": 926084,
    "definedcontributionplanemployerdiscretionarycontributionamount": 145000,
    "investmentincomeinterest": 19797,
    "othernonoperatingincome": 35760,
    "segmentoperatingprofit": 2384486,
    "sellingandadministrativeexpensesunallocatedcorporate": -2022619,
    "interestandotherincome": 55557,
    "paymentstoacquirepropertyplantandequipment": 493564,
    "otherassets": 5124630,
    "revenuefromcontractwithcustomerexcludingassessedtax": 17573104,
    "concentrationriskpercentage1": 0.13,
    "additionalinformationaboutentitysreportablesegments": 16,
    "operatingleasesrentexpensenet": 27000,
    "dividendspayabledatedeclareddaymonthandyear": "2022-02-21",
    "dividendspayableamountpershare": 0.22,
    "dividendspayablecurrent": 212549,
    "dividendpayabledatetobepaiddaymonthandyear": "2022-03-18",
    "dividendspayabledateofrecorddaymonthandyear": "2022-03-04"
  },
  {
    "date": "2020-12-30",
    "symbol": "CVR",
    "period": "FY",
    "entitycentralindexkey": 19871,
    "currentfiscalyearenddate": "--12-31",
    "entityregistrantname": "Chicago Rivet & Machine Co.",
    "documenttype": "10-K",
    "documentperiodenddate": "2020-12-31",
    "entityfilercategory": "Non-accelerated Filer",
    "entitycurrentreportingstatus": "Yes",
    "entityinteractivedatacurrent": "Yes",
    "entityvoluntaryfilers": "No",
    "entitywellknownseasonedissuer": "No",
    "entityshellcompany": "false",
    "entitysmallbusiness": "true",
    "entityemerginggrowthcompany": "false",
    "entityfilenumber": "000-01227",
    "entityincorporationstatecountrycode": "IL",
    "entityaddressaddressline1": "901 Frontenac Road",
    "entityaddresscityortown": "Naperville",
    "entityaddressstateorprovince": "IL",
    "entityaddresspostalzipcode": 60563,
    "cityareacode": 630,
    "localphonenumber": "357-8500",
    "amendmentflag": "false",
    "documentfiscalyearfocus": 2020,
    "documentfiscalperiodfocus": "FY",
    "documentannualreport": "true",
    "documenttransitionreport": "false",
    "cashandcashequivalentsatcarryingvalue": 2567731,
    "certificatesofdepositatcarryingvalue": 4733000,
    "accountsreceivablenetcurrent": 257211,
    "inventorynet": 1129156,
    "prepaidtaxes": 85940,
    "otherassetscurrent": 383772,
    "assetscurrent": 18087187,
    "propertyplantandequipmentnet": 1102302,
    "assets": 31238071,
    "accountspayablecurrent": 466424,
    "employeerelatedliabilitiescurrent": 482008,
    "accruedliabilitiescurrent": 322968,
    "customeradvancesanddepositscurrent": 249498,
    "liabilitiescurrent": 1520898,
    "deferredtaxliabilitiesnoncurrent": 1011084,
    "liabilities": 2531982,
    "commonstockvalueoutstanding": 1138096,
    "additionalpaidincapitalcommonstock": 447134,
    "retainedearningsaccumulateddeficit": 31042957,
    "treasurystockvalue": 3922098,
    "stockholdersequity": 28706089,
    "liabilitiesandstockholdersequity": 31238071,
    "allowancefordoubtfulaccountsreceivablecurrent": 170000,
    "preferredstocksharesauthorized": 500000,
    "commonstockparorstatedvaluepershare": 1,
    "commonstocksharesauthorized": 4000000,
    "commonstocksharesissued": 1138096,
    "commonstocksharesoutstanding": 966132,
    "treasurystockshares": 171964,
    "revenues": 2982790,
    "costofrevenue": 22675451,
    "grossprofit": 4915202,
    "sellinggeneralandadministrativeexpense": 4998216,
    "operatingincomeloss": -83014,
    "othernonoperatingincomeexpense": 148464,
    "incomelossfromcontinuingoperationsbeforeincometaxesdomestic": 65450,
    "incometaxexpensebenefit": 15000,
    "netincomeloss": 50450,
    "incomelossfromcontinuingoperationsperbasicanddilutedshare": 0.05,
    "dividends": 502388,
    "commonstockdividendspersharedeclared": 0.52,
    "depreciation": 32924,
    "deferredincometaxexpensebenefit": 68000,
    "increasedecreaseinaccountsreceivable": -554136,
    "increasedecreaseininventories": -202117,
    "increasedecreaseinotheroperatingassets": 15666,
    "increasedecreaseinaccountspayable": -24156,
    "increasedecreaseinemployeerelatedliabilities": -147964,
    "increasedecreaseinotheraccruedliabilities": -26101,
    "increasedecreaseincustomeradvancesanddeposits": 96854,
    "netcashprovidedbyusedinoperatingactivities": 623801,
    "paymentstoacquireproductiveassets": 824136,
    "proceedsfrommaturitiesprepaymentsandcallsofheldtomaturitysecurities": 6574000,
    "paymentstoacquireheldtomaturitysecurities": 4733000,
    "netcashprovidedbyusedininvestingactivities": 1016864,
    "paymentsofdividendscommonstock": 502388,
    "netcashprovidedbyusedinfinancingactivities": -502388,
    "cashandcashequivalentsperiodincreasedecrease": 1138277,
    "proceedsfromincometaxrefunds": 25246,
    "contractwithcustomerliabilityrevenuerecognized": 151944,
    "propertyplantandequipmentusefullife": "P10Y",
    "weightedaveragenumberofsharesoutstandingbasic": 966132,
    "inventoryrawmaterials": 2245709,
    "inventoryworkinprocess": 1410868,
    "inventoryfinishedgoods": 2096717,
    "inventoryvaluationreserves": 600000,
    "landandlandimprovements": 1636749,
    "buildingsandimprovementsgross": 8534317,
    "machineryandequipmentgross": 35194944,
    "propertyplantandequipmentother": 1045027,
    "accumulateddepreciationdepletionandamortizationpropertyplantandequipment": 33260153,
    "propertyplantandequipmentothernet": 13150884,
    "otheremployeerelatedliabilitiescurrent": 120000,
    "accrualfortaxesotherthanincometaxescurrent": 84570,
    "otheraccruedliabilitiescurrent": 118398,
    "valuationallowancesandreservesbalance": 600000,
    "valuationallowancesandreserveschargedtocostandexpense": 155058,
    "valuationallowancesandreservesdeductions": -12058,
    "federalincometaxexpensebenefitcontinuingoperations": -53000,
    "incometaxreconciliationincometaxexpensebenefitatfederalstatutoryincometaxrate": 14000,
    "effectiveincometaxratereconciliationatfederalstatutoryincometaxrate": 0.21,
    "incometaxreconciliationotheradjustments": 1000,
    "effectiveincometaxratereconciliationotheradjustments": 0.019,
    "effectiveincometaxratecontinuingoperations": 0.229,
    "deferredtaxliabilitiespropertyplantandequipment": 1295804,
    "deferredtaxassetsinventory": 175739,
    "deferredtaxassetstaxdeferredexpensecompensationandbenefitscompensatedabsences": 70787,
    "deferredtaxassetstaxdeferredexpensereservesandaccrualsallowancefordoubtfulaccounts": 38250,
    "deferredtaxassetsother": -56,
    "deferredtaxassetsliabilitiesnet": 1011084,
    "definedcontributionplanemployerdiscretionarycontributionamount": 120000,
    "investmentincomeinterest": 94956,
    "othernonoperatingincome": 53508,
    "segmentoperatingprofit": 513250,
    "sellingandadministrativeexpensesunallocatedcorporate": -2128197,
    "interestandotherincome": 148464,
    "paymentstoacquirepropertyplantandequipment": 195377,
    "otherassets": 7770443,
    "revenuefromcontractwithcustomerexcludingassessedtax": 27590653,
    "concentrationriskpercentage1": 0.1,
    "additionalinformationaboutentitysreportablesegments": 15,
    "operatingleasesrentexpensenet": 23000,
    "dividendspayabledatedeclareddaymonthandyear": "2021-02-22",
    "dividendspayableamountpershare": 0.22,
    "dividendspayablecurrent": 212549,
    "dividendpayabledatetobepaiddaymonthandyear": "2021-03-19",
    "dividendspayabledateofrecorddaymonthandyear": "2021-03-05"
  },
  {
    "date": "2019-12-30",
    "symbol": "CVR",
    "period": "FY",
    "entitycentralindexkey": 19871,
    "currentfiscalyearenddate": "--12-31",
    "entityregistrantname": "Chicago Rivet & Machine Co.",
    "documenttype": "10-K",
    "documentperiodenddate": "2019-12-31",
    "entityfilercategory": "Non-accelerated Filer",
    "entitycurrentreportingstatus": "Yes",
    "entityinteractivedatacurrent": "Yes",
    "entityvoluntaryfilers": "No",
    "entitywellknownseasonedissuer": "No",
    "entityshellcompany": "false",
    "entitysmallbusiness": "true",
    "entityemerginggrowthcompany": "false",
    "entityfilenumber": "000-01227",
    "entityincorporationstatecountrycode": "IL",
    "entityaddressaddressline1": "901 Frontenac Road",
    "entityaddresscityortown": "Naperville",
    "entityaddressstateorprovince": "IL",
    "entityaddresspostalzipcode": 60563,
    "cityareacode": 630,
    "localphonenumber": "357-8500",
    "amendmentflag": "false",
    "documentfiscalyearfocus": 2019,
    "documentfiscalperiodfocus": "FY",
    "documentannualreport": "true",
    "documenttransitionreport": "false",
    "cashandcashequivalentsatcarryingvalue": 1429454,
    "certificatesofdepositatcarryingvalue": 6574000,
    "accountsreceivablenetcurrent": 296129,
    "inventorynet": 965294,
    "prepaidtaxes": 58186,
    "otherassetscurrent": 427192,
    "assetscurrent": 18049323,
    "propertyplantandequipmentnet": 939850,
    "assets": 31723376,
    "accountspayablecurrent": 490580,
    "employeerelatedliabilitiescurrent": 629972,
    "accruedliabilitiescurrent": 349069,
    "customeradvancesanddepositscurrent": 152644,
    "liabilitiescurrent": 1622265,
    "deferredtaxliabilitiesnoncurrent": 943084,
    "liabilities": 2565349,
    "commonstockvalueoutstanding": 1138096,
    "additionalpaidincapitalcommonstock": 447134,
    "retainedearningsaccumulateddeficit": 31494895,
    "treasurystockvalue": 3922098,
    "stockholdersequity": 29158027,
    "liabilitiesandstockholdersequity": 31723376,
    "allowancefordoubtfulaccountsreceivablecurrent": 140000,
    "preferredstocksharesauthorized": 500000,
    "commonstockparorstatedvaluepershare": 1,
    "commonstocksharesauthorized": 4000000,
    "commonstocksharesissued": 1138096,
    "commonstocksharesoutstanding": 966132,
    "treasurystockshares": 171964,
    "revenues": 3883335,
    "costofrevenue": 27128472,
    "grossprofit": 5744530,
    "sellinggeneralandadministrativeexpense": 5252946,
    "operatingincomeloss": 491584,
    "othernonoperatingincomeexpense": 191730,
    "incomelossfromcontinuingoperationsbeforeincometaxesdomestic": 683314,
    "incometaxexpensebenefit": 145000,
    "netincomeloss": 538314,
    "incomelossfromcontinuingoperationsperbasicanddilutedshare": 0.56,
    "dividends": -1140036,
    "commonstockdividendspersharedeclared": 1.18,
    "depreciation": 38631,
    "gainlossondispositionofassets": -228,
    "deferredincometaxexpensebenefit": 22000,
    "increasedecreaseinaccountsreceivable": 919993,
    "increasedecreaseininventories": 1149214,
    "increasedecreaseinotheroperatingassets": 103530,
    "increasedecreaseinaccountspayable": -569651,
    "increasedecreaseinemployeerelatedliabilities": -71462,
    "increasedecreaseinotheraccruedliabilities": -126904,
    "increasedecreaseincustomeradvancesanddeposits": -175510,
    "netcashprovidedbyusedinoperatingactivities": 3171531,
    "paymentstoacquireproductiveassets": 1802914,
    "proceedsfromsaleofpropertyplantandequipment": 5000,
    "proceedsfrommaturitiesprepaymentsandcallsofheldtomaturitysecurities": 7312000,
    "paymentstoacquireheldtomaturitysecurities": 6823000,
    "netcashprovidedbyusedininvestingactivities": -1308914,
    "paymentsofdividendscommonstock": 1140036,
    "netcashprovidedbyusedinfinancingactivities": -1140036,
    "cashandcashequivalentsperiodincreasedecrease": 722581,
    "incometaxespaid": 30500,
    "propertyplantandequipmentusefullife": "P10Y",
    "weightedaveragenumberofsharesoutstandingbasic": 966132,
    "inventoryrawmaterials": 2337278,
    "inventoryworkinprocess": 1201099,
    "inventoryfinishedgoods": 1869800,
    "inventoryvaluationreserves": -457000,
    "landandlandimprovements": 1636749,
    "buildingsandimprovementsgross": 8331804,
    "machineryandequipmentgross": 35037010,
    "propertyplantandequipmentother": 1371736,
    "accumulateddepreciationdepletionandamortizationpropertyplantandequipment": 32703246,
    "propertyplantandequipmentothernet": 13674053,
    "otheremployeerelatedliabilitiescurrent": 175000,
    "accrualfortaxesotherthanincometaxescurrent": 83475,
    "otheraccruedliabilitiescurrent": 90594,
    "valuationallowancesandreservesbalance": 457000,
    "valuationallowancesandreserveschargedtocostandexpense": -15477,
    "valuationallowancesandreservesdeductions": -106523,
    "federalincometaxexpensebenefitcontinuingoperations": 113000,
    "currentstateandlocaltaxexpensebenefit": 10000,
    "incometaxreconciliationincometaxexpensebenefitatfederalstatutoryincometaxrate": 143000,
    "effectiveincometaxratereconciliationatfederalstatutoryincometaxrate": 0.21,
    "incometaxreconciliationdeductionsother": -6000,
    "effectiveincometaxratereconciliationdeductionsother": -0.01,
    "incometaxreconciliationstateandlocalincometaxes": 8000,
    "effectiveincometaxratereconciliationstateandlocalincometaxes": 0.012,
    "effectiveincometaxratecontinuingoperations": 0.212,
    "deferredtaxliabilitiespropertyplantandequipment": -1171948,
    "deferredtaxassetsinventory": 122629,
    "deferredtaxassetstaxdeferredexpensecompensationandbenefitscompensatedabsences": 74385,
    "deferredtaxassetstaxdeferredexpensereservesandaccrualsallowancefordoubtfulaccounts": 31500,
    "deferredtaxassetsother": 350,
    "deferredtaxassetsliabilitiesnet": 943084,
    "definedcontributionplanemployerdiscretionarycontributionamount": 175000,
    "investmentincomeinterest": 144730,
    "othernonoperatingincome": 47000,
    "segmentoperatingprofit": 1083548,
    "sellingandadministrativeexpensesunallocatedcorporate": -2354799,
    "interestandotherincome": 191730,
    "paymentstoacquirepropertyplantandequipment": 46676,
    "otherassets": 8488832,
    "revenuefromcontractwithcustomerexcludingassessedtax": 32873002,
    "concentrationriskpercentage1": 0.1,
    "additionalinformationaboutentitysreportablesegments": 12,
    "operatingleasesrentexpensenet": 39000,
    "dividendspayabledatedeclareddaymonthandyear": "2020-02-17",
    "dividendspayableamountpershare": 0.22,
    "dividendspayablecurrent": 212549,
    "dividendpayabledatetobepaiddaymonthandyear": "2020-03-20",
    "dividendspayabledateofrecorddaymonthandyear": "2020-03-05"
  }
]