[
  {
    "date": "2023-08-30",
    "symbol": "DBMM",
    "period": "FY",
    "cash": 44521,
    "accountsreceivablenetcurrent": 20739,
    "prepaidexpenseandotherassetscurrent": 470,
    "assetscurrent": 65730,
    "assets": 65730,
    "accountspayableandaccruedliabilitiescurrent": 724272,
    "interestpayablecurrent": 1189387,
    "accruedsalariescurrent": 1313536,
    "derivativeliabilitiescurrent": 206476,
    "loanspayablecurrent": 2478291,
    "notespayablecurrent": 53893,
    "convertibledebtcurrent": 517242,
    "liabilitiescurrent": 6483097,
    "longtermloanspayable": 27297,
    "liabilities": 6510394,
    "preferredstockvalue": 1995,
    "commonstockvalue": 825218,
    "additionalpaidincapital": 9813090,
    "accumulatedothercomprehensiveincomelossnetoftax": 51427,
    "retainedearningsaccumulateddeficit": -17136394,
    "stockholdersequity": -6444664,
    "liabilitiesandstockholdersequity": 65730,
    "preferredstockparorstatedvaluepershare": 0.001,
    "preferredstocksharesauthorized": 2000000,
    "preferredstocksharesissued": 1995185,
    "preferredstocksharesoutstanding": 1995185,
    "commonstockparorstatedvaluepershare": 0.001,
    "commonstocksharesauthorized": 2000000000,
    "commonstocksharesissued": 825218631,
    "commonstocksharesoutstanding": 825218631,
    "revenues": 309644,
    "costofrevenue": 260774,
    "grossprofit": 48870,
    "sellinggeneralandadministrativeexpense": 463694,
    "operatingexpenses": 463694,
    "operatingincomeloss": -414824,
    "interestexpense": 313235,
    "otherincome": 46255,
    "gainslossesonextinguishmentofdebt": -73349,
    "derivativegainlossonderivativenet": 42070,
    "nonoperatingincomeexpense": -298259,
    "netincomeloss": -713083,
    "othercomprehensiveincomelossforeigncurrencytransactionandtranslationadjustmentnetoftax": -42051,
    "comprehensiveincomenetoftax": -755134,
    "weightedaveragenumberofshareoutstandingbasicanddiluted1": 797252878,
    "stockissuedduringperiodsharesconversionofconvertiblesecurities": 37500000,
    "stockissuedduringperiodvalueconversionofconvertiblesecurities": 37500,
    "depreciation": 1420,
    "increasedecreaseinaccountsreceivable": -505,
    "increasedecreaseinaccountspayableandaccruedliabilities": -5485,
    "increasedecreaseininterestpayablenet": 312179,
    "increasedecreaseinemployeerelatedliabilities": -63600,
    "netcashprovidedbyusedinoperatingactivities": -436785,
    "proceedsfromissuanceofdebt": 508113,
    "proceedsfromrepaymentsofrelatedpartydebt": -11669,
    "repaymentsofnotespayable": 25276,
    "netcashprovidedbyusedinfinancingactivities": 471168,
    "effectofexchangerateoncashcashequivalentsrestrictedcashandrestrictedcashequivalentsincludingdisposalgroupanddiscontinuedoperations": 774,
    "cashcashequivalentsrestrictedcashandrestrictedcashequivalentsperiodincreasedecreaseincludingexchangerateeffect": 35157,
    "cashcashequivalentsrestrictedcashandrestrictedcashequivalents": 44421,
    "interestpaidnet": 1056,
    "othersignificantnoncashtransactionvalueofconsiderationgiven1": 19000,
    "stockissued1": 76215,
    "propertyplantandequipmentusefullife": "P3Y",
    "propertyplantandequipmentgross": 23920,
    "accumulateddepreciationdepletionandamortizationpropertyplantandequipment": 23920,
    "loanspayable": 2505588,
    "longtermdebtmaturitiesrepaymentsofprincipalinnexttwelvemonths": 2478291,
    "longtermdebtmaturitiesrepaymentsofprincipalinyeartwo": 11948,
    "longtermdebtmaturitiesrepaymentsofprincipalinyearthree": 12708,
    "longtermdebtmaturitiesrepaymentsofprincipalinyearfour": 2641,
    "longtermdebt": 2505588,
    "debtinstrumentcarryingamount": 517242,
    "debtinstrumentconvertibleconversionprice1": 0.0045,
    "shareprice": 0.009,
    "embeddedderivativeliabilitymeasurementinput": 41,
    "fairvaluenetderivativeassetliabilitymeasuredonrecurringbasiswithunobservableinputs": 206476,
    "fairvaluenetderivativeassetliabilitymeasuredonrecurringbasisunobservableinputsreconciliationtransfersnet": -33386,
    "fairvaluerecurringbasisunobservableinputreconciliationnetderivativeassetliabilitygainlossstatementofincomeextensiblelist": "http://fasb.org/us-gaap/2023#DerivativeGainLossOnDerivativeNet",
    "incometaxreconciliationincometaxexpensebenefitatfederalstatutoryincometaxrate": 150000,
    "incometaxreconciliationstateandlocalincometaxes": 31000,
    "incometaxreconciliationotheradjustments": 11000,
    "incometaxreconciliationchangeindeferredtaxassetsvaluationallowance": -192000,
    "deferredtaxassetsoperatinglosscarryforwards": 1845000,
    "deferredtaxassetstaxdeferredexpensecompensationandbenefitsemployeecompensation": 333000,
    "deferredtaxassetsvaluationallowance": 2178000,
    "revenuefromcontractwithcustomerexcludingassessedtax": 309644,
    "notespayable": 3000000,
    "lettersofcreditoutstandingamount": 250000,
    "equityraisemaximum": 3000000,
    "advertisingexpense": 13729,
    "concentrationriskpercentage1": 0.94,
    "shorttermdebtpercentagebearingfixedinterestrate": 0.12,
    "interestpayablecurrentandnoncurrent": 34302,
    "debtinstrumentinterestratestatedpercentage": 0.025,
    "debtinstrumentconvertibletermsofconversionfeature": "The convertible debentures are convertible at ratios varying between 45% and 50% of the closing price at the date of conversion through, at its most favorable terms for the holders, the average of the three lowest closing bids for a period of 5-30 days prior to conversion.",
    "employeerelatedliabilitiescurrent": 1313536,
    "convertiblepreferredstocksharesissueduponconversion": 53.04,
    "preferredstockvotingrights": "three votes per share",
    "stockissuedduringperiodsharesnewissues": 30000000,
    "stockissuedduringperiodvaluenewissues": 19000,
    "operatingleaseexpense": 1000,
    "entityregistrantname": "DIGITAL BRAND MEDIA & MARKETING GROUP, INC.",
    "tradingsymbol": "DBMM",
    "documenttype": "10-K",
    "currentfiscalyearenddate": "--08-31",
    "entitypublicfloat": 4126093,
    "amendmentflag": "false",
    "entitycentralindexkey": 1127475,
    "entitycurrentreportingstatus": "Yes",
    "entityvoluntaryfilers": "No",
    "entityfilercategory": "Non-accelerated Filer",
    "entitywellknownseasonedissuer": "No",
    "documentperiodenddate": "2023-08-31",
    "documentfiscalyearfocus": 2023,
    "documentfiscalperiodfocus": "FY",
    "entitysmallbusiness": "true",
    "entityemerginggrowthcompany": "false",
    "entityshellcompany": "false",
    "icfrauditorattestationflag": "true",
    "documentannualreport": "true",
    "documenttransitionreport": "false",
    "entityfilenumber": "000-52838",
    "entityincorporationstatecountrycode": "FL",
    "entitytaxidentificationnumber": "59-3666743",
    "entityaddressaddressline1": "845 Third Avenue, 6th Floor",
    "entityaddresscityortown": "New York",
    "entityaddressstateorprovince": "NY",
    "entityaddresspostalzipcode": 10022,
    "cityareacode": 646,
    "localphonenumber": "722-2706",
    "security12btitle": "Common Stock, $0.001 par value",
    "securityexchangename": "NONE",
    "entityinteractivedatacurrent": "Yes",
    "documentfinstmterrorcorrectionflag": "false",
    "auditorfirmid": 2738,
    "auditorname": "M&K CPAS, PLLC",
    "auditorlocation": "Houston, TX"
  },
  {
    "date": "2022-08-30",
    "symbol": "DBMM",
    "period": "FY",
    "cash": 9364,
    "accountsreceivablenetcurrent": 20383,
    "prepaidexpenseandotherassetscurrent": 470,
    "assetscurrent": 30217,
    "propertyplantandequipmentnet": 1420,
    "assets": 22467,
    "accountspayableandaccruedliabilitiescurrent": 799720,
    "interestpayablecurrent": 890708,
    "accruedsalariescurrent": 1377136,
    "derivativeliabilitiescurrent": 281932,
    "loanspayablecurrent": 1945071,
    "notespayablerelatedpartiesclassifiedcurrent": 79169,
    "convertibledebtcurrent": 546571,
    "liabilitiescurrent": 5920307,
    "longtermloanspayable": 34360,
    "liabilities": 5954667,
    "preferredstockvalue": 1995,
    "commonstockvalue": 787718,
    "additionalpaidincapital": 9666590,
    "accumulatedothercomprehensiveincomelossnetoftax": 93478,
    "retainedearningsaccumulateddeficit": -16472811,
    "stockholdersequity": -5923030,
    "liabilitiesandstockholdersequity": 31637,
    "preferredstockparorstatedvaluepershare": 0.001,
    "preferredstocksharesauthorized": 2000000,
    "preferredstocksharesissued": 1995185,
    "preferredstocksharesoutstanding": 1995185,
    "commonstockparorstatedvaluepershare": 0.001,
    "commonstocksharesauthorized": 2000000000,
    "commonstocksharesissued": 757718631,
    "commonstocksharesoutstanding": 787718631,
    "revenues": 225842,
    "costofrevenue": 131272,
    "grossprofit": 94570,
    "sellinggeneralandadministrativeexpense": 553042,
    "operatingexpenses": 553042,
    "operatingincomeloss": -458472,
    "interestexpense": 384615,
    "otherincome": 98265,
    "gainslossesonextinguishmentofdebt": -82845,
    "derivativegainlossonderivativenet": 201239,
    "nonoperatingincomeexpense": -167956,
    "netincomeloss": -626428,
    "othercomprehensiveincomelossforeigncurrencytransactionandtranslationadjustmentnetoftax": 129462,
    "comprehensiveincomenetoftax": -496966,
    "weightedaveragenumberofshareoutstandingbasicanddiluted1": 771280275,
    "embeddedderivativenolongerbifurcatedamountreclassifiedtostockholdersequity": 23189,
    "stockissuedduringperiodvalueconversionofconvertiblesecurities": 138000,
    "stockissuedduringperiodsharesconversionofconvertiblesecurities": 30000000,
    "increasedecreaseinaccountsreceivable": 7198,
    "increasedecreaseinaccountspayableandaccruedliabilities": 160626,
    "increasedecreaseininterestpayablenet": 264924,
    "increasedecreaseinemployeerelatedliabilities": -62750,
    "netcashprovidedbyusedinoperatingactivities": -389220,
    "proceedsfromissuanceofdebt": 399202,
    "proceedsfromrepaymentsofrelatedpartydebt": -7601,
    "repaymentsofnotespayable": 2712,
    "netcashprovidedbyusedinfinancingactivities": 388889,
    "effectofexchangerateoncashcashequivalentsrestrictedcashandrestrictedcashequivalentsincludingdisposalgroupanddiscontinuedoperations": -92,
    "cashcashequivalentsrestrictedcashandrestrictedcashequivalentsperiodincreasedecreaseincludingexchangerateeffect": -423,
    "cashcashequivalentsrestrictedcashandrestrictedcashequivalents": 9364,
    "stockissued1": 64137,
    "propertyplantandequipmentusefullife": "five years",
    "propertyplantandequipmentgross": 23920,
    "accumulateddepreciationdepletionandamortizationpropertyplantandequipment": 22500,
    "loanspayable": 1979431,
    "longtermdebtmaturitiesrepaymentsofprincipalinnexttwelvemonths": 1945071,
    "longtermdebtmaturitiesrepaymentsofprincipalinyeartwo": 10593,
    "longtermdebtmaturitiesrepaymentsofprincipalinyearthree": 11267,
    "longtermdebtmaturitiesrepaymentsofprincipalinyearfour": 11983,
    "longtermdebtmaturitiesrepaymentsofprincipalinyearfive": 517,
    "longtermdebt": 1979431,
    "debtinstrumentcarryingamount": 546571,
    "debtinstrumentconvertibleconversionprice1": 0.0025,
    "shareprice": 0.0031,
    "embeddedderivativeliabilitymeasurementinput": 365,
    "fairvaluenetderivativeassetliabilitymeasuredonrecurringbasiswithunobservableinputs": 281932,
    "fairvaluenetderivativeassetliabilitymeasuredonrecurringbasisunobservableinputsreconciliationtransfersnet": -23189,
    "fairvaluenetderivativeassetliabilitymeasuredonrecurringbasisunobservableinputsreconciliationgainlossincludedinearnings": -201239,
    "incometaxreconciliationincometaxexpensebenefitatfederalstatutoryincometaxrate": 132000,
    "incometaxreconciliationstateandlocalincometaxes": 27000,
    "incometaxreconciliationotheradjustments": -51000,
    "incometaxreconciliationchangeindeferredtaxassetsvaluationallowance": -108000,
    "deferredtaxassetsoperatinglosscarryforwards": 1638000,
    "deferredtaxassetstaxdeferredexpensecompensationandbenefitsemployeecompensation": 349000,
    "deferredtaxassetsvaluationallowance": 1987000,
    "revenuefromcontractwithcustomerexcludingassessedtax": 225842,
    "notespayable": 2500000,
    "lettersofcreditoutstandingamount": 250000,
    "equityraisemaximum": 3000000,
    "concentrationriskpercentage1": 0.9400000000000001,
    "debtinstrumentinterestratestatedpercentage": 0.15,
    "debtinstrumentconvertibletermsofconversionfeature": "The convertible debentures are convertible at ratios varying between 45% and 50% of the closing price at the date of conversion through, at its most favorable terms for the holders, the average of the three lowest closing bids for a period of 5-30 days prior to conversion.",
    "employeerelatedliabilitiescurrent": 1377136,
    "convertiblepreferredstocksharesissueduponconversion": 1,
    "preferredstockvotingrights": "no voting rights",
    "operatingleaseexpense": 7063,
    "consultingagreementannualamount": 150000,
    "entityregistrantname": "DIGITAL BRAND MEDIA & MARKETING GROUP, INC.",
    "tradingsymbol": "DBMM",
    "documenttype": "10-K",
    "currentfiscalyearenddate": "August 31",
    "amendmentflag": "false",
    "entitycentralindexkey": 1127475,
    "entitycurrentreportingstatus": "Yes",
    "entityvoluntaryfilers": "No",
    "entityfilercategory": "Non-accelerated filer",
    "entitywellknownseasonedissuer": "No",
    "documentperiodenddate": "August 31, 2022",
    "documentfiscalyearfocus": 2022,
    "documentfiscalperiodfocus": "FY",
    "entitysmallbusiness": "true",
    "entityemerginggrowthcompany": "false",
    "entityshellcompany": "No",
    "icfrauditorattestationflag": "true",
    "documentannualreport": "true",
    "documenttransitionreport": "false",
    "entityfilenumber": "333-85072",
    "entityincorporationstatecountrycode": "Florida",
    "entitytaxidentificationnumber": "59-3666743",
    "entityaddressaddressline1": "845 Third Avenue, 6th Floor",
    "entityaddresscityortown": "New York",
    "entityaddressstateorprovince": "NY",
    "entityaddresspostalzipcode": 10022,
    "cityareacode": 646,
    "localphonenumber": "722-2706",
    "security12btitle": "Common Stock, $0.001 par value",
    "securityexchangename": "NONE",
    "entityinteractivedatacurrent": "Yes",
    "auditorfirmid": 2738,
    "auditorname": "M&K CPAS, PLLC",
    "auditorlocation": "Houston, TX"
  },
  {
    "date": "2021-08-30",
    "symbol": "DBMM",
    "period": "FY",
    "cash": 9787,
    "accountsreceivablenetcurrent": 16251,
    "prepaidexpenseandotherassetscurrent": 470,
    "assetscurrent": 26508,
    "propertyplantandequipmentnet": 1420,
    "assets": 18576,
    "accountspayableandaccruedliabilitiescurrent": 657275,
    "interestpayablecurrent": 643331,
    "accruedsalariescurrent": 1439886,
    "derivativeliabilitiescurrent": 506360,
    "loanspayablecurrent": 1648248,
    "notespayablerelatedpartiesclassifiedcurrent": 89709,
    "convertibledebtcurrent": 590991,
    "liabilitiescurrent": 5575800,
    "longtermloanspayable": 46192,
    "liabilities": 5621992,
    "preferredstockvalue": 1995,
    "commonstockvalue": 757718,
    "additionalpaidincapital": 9528590,
    "accumulatedothercomprehensiveincomelossnetoftax": -35984,
    "retainedearningsaccumulateddeficit": -15846383,
    "stockholdersequity": -5594064,
    "liabilitiesandstockholdersequity": 27928,
    "preferredstockparorstatedvaluepershare": 0.001,
    "preferredstocksharesauthorized": 2000000,
    "preferredstocksharesissued": 1995185,
    "preferredstocksharesoutstanding": 1995185,
    "commonstockparorstatedvaluepershare": 0.001,
    "commonstocksharesauthorized": 2000000000,
    "commonstocksharesissued": 757718631,
    "commonstocksharesoutstanding": 757718631,
    "revenues": 171712,
    "costofrevenue": 167669,
    "grossprofit": 4043,
    "sellinggeneralandadministrativeexpense": 557429,
    "operatingexpenses": 557429,
    "operatingincomeloss": -553386,
    "interestexpense": 327271,
    "gainslossesonextinguishmentofdebt": 169837,
    "derivativegainlossonderivativenet": 9170,
    "nonoperatingincomeexpense": -148264,
    "netincomeloss": -701650,
    "othercomprehensiveincomelossforeigncurrencytransactionandtranslationadjustmentnetoftax": -19197,
    "comprehensiveincomenetoftax": -720847,
    "weightedaveragenumberofshareoutstandingbasicanddiluted": 757718631,
    "embeddedderivativenolongerbifurcatedamountreclassifiedtostockholdersequity": 258146,
    "depreciation": 558,
    "increasedecreaseinaccountsreceivable": 386,
    "increasedecreaseinaccountspayableandaccruedliabilities": 214790,
    "increasedecreaseininterestpayablenet": 225773,
    "increasedecreaseinemployeerelatedliabilities": 3200,
    "netcashprovidedbyusedinoperatingactivities": -436722,
    "proceedsfromissuanceofdebt": 398497,
    "proceedsfromrepaymentsofrelatedpartydebt": 12240,
    "netcashprovidedbyusedinfinancingactivities": 410737,
    "effectofexchangerateoncashandcashequivalents": 1311,
    "cashcashequivalentsrestrictedcashandrestrictedcashequivalentsperiodincreasedecreaseincludingexchangerateeffect": -24674,
    "cashandcashequivalentsatcarryingvalue": 9787,
    "stockissued1": 258146,
    "propertyplantandequipmentusefullife": "P5Y",
    "propertyplantandequipmentgross": 23920,
    "accumulateddepreciationdepletionandamortizationpropertyplantandequipment": 22500,
    "loanspayable": 1694440,
    "longtermdebtmaturitiesrepaymentsofprincipalinnexttwelvemonths": 1648248,
    "longtermdebtmaturitiesrepaymentsofprincipalinyeartwo": 10994,
    "longtermdebtmaturitiesrepaymentsofprincipalinyearthree": 11199,
    "longtermdebtmaturitiesrepaymentsofprincipalinyearfour": 11408,
    "longtermdebtmaturitiesrepaymentsofprincipalinyearfive": 11621,
    "longtermdebtmaturitiesrepaymentsofprincipalafteryearfive": 970,
    "longtermdebt": 1694440,
    "debtinstrumentcarryingamount": 590991,
    "debtinstrumentconvertibleconversionprice1": 0.0076,
    "shareprice": 0.0076,
    "embeddedderivativeliabilitymeasurementinput": 365,
    "fairvaluenetderivativeassetliabilitymeasuredonrecurringbasiswithunobservableinputs": 506360,
    "fairvaluenetderivativeassetliabilitymeasuredonrecurringbasisunobservableinputsreconciliationissues": -258146,
    "fairvaluenetderivativeassetliabilitymeasuredonrecurringbasisunobservableinputsreconciliationgainlossincludedinearnings": -9170,
    "incometaxreconciliationincometaxexpensebenefitatfederalstatutoryincometaxrate": 147000,
    "incometaxreconciliationstateandlocalincometaxes": 30000,
    "incometaxreconciliationotheradjustments": 2000,
    "incometaxreconciliationchangeindeferredtaxassetsvaluationallowance": -179000,
    "deferredtaxassetsoperatinglosscarryforwards": 1514000,
    "deferredtaxassetstaxdeferredexpensecompensationandbenefitsemployeecompensation": 364000,
    "deferredtaxassetsvaluationallowance": 1878000,
    "revenuefromcontractwithcustomerexcludingassessedtax": 171712,
    "notespayable": 2200000,
    "lettersofcreditoutstandingamount": 250000,
    "equityraisemaximum": 3000000,
    "advertisingexpense": 10895,
    "concentrationriskpercentage1": 0.95,
    "shorttermdebtpercentagebearingfixedinterestrate": 0.12,
    "loanspayabletobank": 55200,
    "debtinstrumentinterestratestatedpercentage": 0.15,
    "debtinstrumentconvertibletermsofconversionfeature": "The convertible debentures are convertible at ratios varying between 45% and 50% of the closing price at the date of conversion through, at its most favorable terms for the holders, the average of the three lowest closing bids for a period of 5-30 days prior to conversion.",
    "debtinstrumentincreasedecreaseothernet": -249800,
    "employeerelatedliabilitiescurrent": 1439886,
    "convertiblepreferredstocksharesissueduponconversion": 1,
    "preferredstockvotingrights": "no voting rights",
    "operatingleaseexpense": 18402,
    "consultingagreementannualamount": 150000,
    "operatinglosscarryforwards": 5900000,
    "entityregistrantname": "DIGITAL BRAND MEDIA & MARKETING GROUP, INC.",
    "tradingsymbol": "DBMM",
    "documenttype": "10-K",
    "currentfiscalyearenddate": "--08-31",
    "entitypublicfloat": 1112660,
    "amendmentflag": "false",
    "entitycentralindexkey": 1127475,
    "entitycurrentreportingstatus": "Yes",
    "entityvoluntaryfilers": "No",
    "entityfilercategory": "Non-accelerated Filer",
    "entitywellknownseasonedissuer": "No",
    "documentperiodenddate": "2021-08-31",
    "documentfiscalyearfocus": 2021,
    "documentfiscalperiodfocus": "FY",
    "entitysmallbusiness": "true",
    "entityemerginggrowthcompany": "false",
    "entityshellcompany": "false",
    "documentannualreport": "true",
    "documenttransitionreport": "false",
    "entityfilenumber": "333-85072",
    "entityincorporationstatecountrycode": "FL",
    "entitytaxidentificationnumber": "59-3666743",
    "entityaddressaddressline1": "845 Third Avenue, 6th Floor",
    "entityaddresscityortown": "New York",
    "entityaddressstateorprovince": "NY",
    "entityaddresspostalzipcode": 10022,
    "cityareacode": 646,
    "localphonenumber": "722-2706",
    "security12btitle": "Common Stock, $0.001 par value",
    "securityexchangename": "NONE",
    "entityinteractivedatacurrent": "Yes"
  },
  {
    "date": "2020-08-30",
    "symbol": "DBMM",
    "period": "FY",
    "cash": 34461,
    "accountsreceivablenetcurrent": 15333,
    "prepaidexpenseandotherassetscurrent": 470,
    "assetscurrent": 50264,
    "propertyplantandequipmentnet": 1978,
    "assets": 44177,
    "accountspayableandaccruedliabilitiescurrent": 438246,
    "interestpayablecurrent": 587397,
    "accruedsalariescurrent": 1436686,
    "derivativeliabilitiescurrent": 773676,
    "loanspayablecurrent": 980109,
    "notespayablerelatedpartiesclassifiedcurrent": 77044,
    "convertibledebtcurrent": 840791,
    "liabilitiescurrent": 5133949,
    "longtermloanspayable": 49656,
    "liabilities": 5183605,
    "preferredstockvalue": 1995,
    "commonstockvalue": 757718,
    "additionalpaidincapital": 9270444,
    "accumulatedothercomprehensiveincomelossnetoftax": -16787,
    "retainedearningsaccumulateddeficit": -15144733,
    "stockholdersequity": -5131363,
    "liabilitiesandstockholdersequity": 52242,
    "preferredstockparorstatedvaluepershare": 0.001,
    "preferredstocksharesauthorized": 2000000,
    "preferredstocksharesissued": 1995185,
    "preferredstocksharesoutstanding": 1995185,
    "commonstockparorstatedvaluepershare": 0.001,
    "commonstocksharesauthorized": 2000000000,
    "commonstocksharesissued": 757718631,
    "commonstocksharesoutstanding": 757718631,
    "revenues": 268957,
    "costofrevenue": 241665,
    "grossprofit": 27292,
    "sellinggeneralandadministrativeexpense": 434164,
    "operatingexpenses": 434164,
    "operatingincomeloss": -406872,
    "interestexpense": 270698,
    "otherincome": 12728,
    "gainslossesonextinguishmentofdebt": 10000,
    "derivativegainlossonderivativenet": -944,
    "nonoperatingincomeexpense": -248914,
    "netincomeloss": -655786,
    "othercomprehensiveincomelossforeigncurrencytransactionandtranslationadjustmentnetoftax": -26003,
    "comprehensiveincomenetoftax": -681789,
    "weightedaveragenumberofshareoutstandingbasicanddiluted": 757718631,
    "depreciation": 45,
    "provisionfordoubtfulaccounts": -1465,
    "increasedecreaseinaccountsreceivable": -48176,
    "increasedecreaseinaccountspayableandaccruedliabilities": 39388,
    "increasedecreaseininterestpayablenet": 134698,
    "increasedecreaseinemployeerelatedliabilities": 168397,
    "netcashprovidedbyusedinoperatingactivities": -275603,
    "paymentstoacquirepropertyplantandequipment": 521,
    "netcashprovidedbyusedininvestingactivities": -521,
    "proceedsfromissuanceofdebt": 347728,
    "repaymentsoflongtermdebt": 72090,
    "proceedsfromrepaymentsofrelatedpartydebt": 5000,
    "netcashprovidedbyusedinfinancingactivities": 280638,
    "effectofexchangerateoncashandcashequivalents": 12384,
    "cashcashequivalentsrestrictedcashandrestrictedcashequivalentsperiodincreasedecreaseincludingexchangerateeffect": 16898,
    "cashandcashequivalentsatcarryingvalue": 34461,
    "propertyplantandequipmentusefullife": "P5Y",
    "propertyplantandequipmentgross": 23920,
    "accumulateddepreciationdepletionandamortizationpropertyplantandequipment": 21942,
    "loanspayable": 1029765,
    "longtermdebtmaturitiesrepaymentsofprincipalinnexttwelvemonths": 980109,
    "longtermdebtmaturitiesrepaymentsofprincipalinyeartwo": 11578,
    "longtermdebtmaturitiesrepaymentsofprincipalinyearthree": 11578,
    "longtermdebtmaturitiesrepaymentsofprincipalinyearfour": 11578,
    "longtermdebtmaturitiesrepaymentsofprincipalinyearfive": 11578,
    "longtermdebtmaturitiesrepaymentsofprincipalafteryearfive": 3344,
    "longtermdebt": 1029765,
    "debtinstrumentcarryingamount": 840791,
    "debtinstrumentconvertibleconversionprice1": 0.0076,
    "shareprice": 0.0076,
    "embeddedderivativeliabilitymeasurementinput": 365,
    "fairvaluenetderivativeassetliabilitymeasuredonrecurringbasiswithunobservableinputs": 773676,
    "fairvaluenetderivativeassetliabilitymeasuredonrecurringbasisunobservableinputsreconciliationgainlossincludedinearnings": 944,
    "incometaxreconciliationincometaxexpensebenefitatfederalstatutoryincometaxrate": 138000,
    "incometaxreconciliationstateandlocalincometaxes": 28000,
    "incometaxreconciliationotheradjustments": -3000,
    "incometaxreconciliationchangeindeferredtaxassetsvaluationallowance": -163000,
    "deferredtaxassetsoperatinglosscarryforwards": 1335000,
    "deferredtaxassetstaxdeferredexpensecompensationandbenefitsemployeecompensation": 364000,
    "deferredtaxassetsvaluationallowance": 1699000,
    "revenuefromcontractwithcustomerexcludingassessedtax": 268957,
    "notespayable": 1900000,
    "lettersofcreditoutstandingamount": 250000,
    "equityraisemaximum": 3000000,
    "advertisingexpense": 466,
    "concentrationriskpercentage1": 0.92,
    "proceedsfromloans": 347728,
    "shorttermdebtpercentagebearingfixedinterestrate": 0.12,
    "loanspayabletobank": 53515,
    "debtinstrumentinterestratestatedpercentage": 0.15,
    "othernonoperatinggainslosses": 47802,
    "debtinstrumentconvertibletermsofconversionfeature": "The convertible notes are convertible at ratios varying between 45% and 50% of the closing price at the date of conversion through, at its most favorable terms for the holders, the average of the three lowest closing bids for a period of 5-30 days prior to conversion.",
    "employeerelatedliabilitiescurrent": 1436686,
    "convertiblepreferredstocksharesissueduponconversion": 1,
    "preferredstockvotingrights": "no voting rights",
    "operatingleasesrentexpenseminimumrentals": 1025,
    "leaseandrentalexpense": 17203,
    "consultingagreementannualamount": 150000,
    "operatinglosscarryforwards": 5200000,
    "valuationallowancedeferredtaxassetchangeinamount": 114000,
    "entityregistrantname": "Digital Brand Media & Marketing Group, Inc.",
    "documenttype": "10-K",
    "currentfiscalyearenddate": "--08-31",
    "amendmentflag": "false",
    "entitycentralindexkey": 1127475,
    "entitycurrentreportingstatus": "Yes",
    "entityvoluntaryfilers": "No",
    "entityfilercategory": "Non-accelerated Filer",
    "entitywellknownseasonedissuer": "No",
    "documentperiodenddate": "2020-08-31",
    "documentfiscalyearfocus": 2020,
    "documentfiscalperiodfocus": "FY",
    "entitysmallbusiness": "true",
    "entityemerginggrowthcompany": "false",
    "entityshellcompany": "false",
    "entityinteractivedatacurrent": "Yes"
  },
  {
    "date": "2019-08-30",
    "symbol": "DBMM",
    "period": "FY",
    "cash": 17563,
    "accountsreceivablenetcurrent": 58172,
    "prepaidexpenseandotherassetscurrent": 470,
    "assetscurrent": 76205,
    "propertyplantandequipmentnet": 1502,
    "assets": 67385,
    "accountspayableandaccruedliabilitiescurrent": 378916,
    "interestpayablecurrent": 452699,
    "accruedsalariescurrent": 1268289,
    "loanspayablecurrent": 671424,
    "derivativeliabilitiescurrent": 772732,
    "notespayablerelatedpartiesclassifiedcurrent": 142430,
    "convertibledebtcurrent": 840791,
    "liabilitiescurrent": 4527281,
    "preferredstockvalue": 1995,
    "commonstockvalue": 757718,
    "additionalpaidincapital": 9270444,
    "accumulatedothercomprehensiveincomelossnetoftax": 9216,
    "retainedearningsaccumulateddeficit": -14488947,
    "stockholdersequity": -4449574,
    "liabilitiesandstockholdersequity": 77707,
    "preferredstockparorstatedvaluepershare": 0.001,
    "preferredstocksharesauthorized": 2000000,
    "preferredstocksharesissued": 1995185,
    "preferredstocksharesoutstanding": 1995,
    "commonstockparorstatedvaluepershare": 0.001,
    "commonstocksharesauthorized": 2000000000,
    "commonstocksharesissued": 757718631,
    "commonstocksharesoutstanding": 757718631,
    "revenues": 415662,
    "costofrevenue": 382792,
    "grossprofit": 32870,
    "sellinggeneralandadministrativeexpense": 516942,
    "operatingexpenses": 516942,
    "operatingincomeloss": -484072,
    "interestexpense": 143971,
    "derivativegainlossonderivativenet": -48419,
    "nonoperatingincomeexpense": -192390,
    "netincomeloss": -676462,
    "othercomprehensiveincomelossforeigncurrencytransactionandtranslationadjustmentnetoftax": 351,
    "comprehensiveincomenetoftax": -676111,
    "earningspersharebasicanddiluted": -0.001,
    "weightedaveragenumberofshareoutstandingbasicanddiluted": 757718631,
    "commonstocksincludingadditionalpaidincapital": 10028162,
    "stockissuedduringperiodsharesconversionofconvertiblesecurities": 8400,
    "depreciation": 1583,
    "amortizationofdebtdiscountpremium": 8400,
    "provisionfordoubtfulaccounts": 25105,
    "increasedecreaseinaccountsreceivable": -11778,
    "increasedecreaseinprepaiddeferredexpenseandotherassets": -10,
    "increasedecreaseinaccountspayableandaccruedliabilities": 10947,
    "increasedecreaseininterestpayablenet": 119268,
    "increasedecreaseinemployeerelatedliabilities": 204000,
    "netcashprovidedbyusedinoperatingactivities": -246952,
    "paymentstoacquirepropertyplantandequipment": 1064,
    "netcashprovidedbyusedininvestingactivities": -1064,
    "proceedsfromissuanceofdebt": 231424,
    "proceedsfromrepaymentsofrelatedpartydebt": 1534,
    "netcashprovidedbyusedinfinancingactivities": 232958,
    "cashcashequivalentsrestrictedcashandrestrictedcashequivalentsperiodincreasedecreaseincludingexchangerateeffect": -15058,
    "effectofexchangerateoncashandcashequivalents": -496,
    "cashandcashequivalentsatcarryingvalue": 17563,
    "stockissued1": 8400,
    "propertyplantandequipmentusefullife": "P5Y",
    "propertyplantandequipmentgross": 23399,
    "accumulateddepreciationdepletionandamortizationpropertyplantandequipment": 21897,
    "loanspayable": 671424,
    "debtinstrumentcarryingamount": 840791,
    "debtinstrumentconvertibleconversionprice1": 0.001,
    "shareprice": 0.0006,
    "embeddedderivativeliabilitymeasurementinput": 365,
    "fairvaluenetderivativeassetliabilitymeasuredonrecurringbasiswithunobservableinputs": 772732,
    "fairvaluenetderivativeassetliabilitymeasuredonrecurringbasisunobservableinputsreconciliationgainlossincludedinearnings": 48419,
    "incometaxreconciliationincometaxexpensebenefitatfederalstatutoryincometaxrate": 142000,
    "incometaxreconciliationstateandlocalincometaxes": 30000,
    "incometaxreconciliationotheradjustments": -12000,
    "incometaxreconciliationchangeindeferredtaxassetsvaluationallowance": -160000,
    "deferredtaxassetsoperatinglosscarryforwards": 1215000,
    "deferredtaxassetstaxdeferredexpensecompensationandbenefitsemployeecompensation": 321000,
    "deferredtaxassetsvaluationallowance": 1536000,
    "revenuefromcontractwithcustomerexcludingassessedtax": 415662,
    "notespayable": 1600000,
    "lettersofcreditoutstandingamount": 250000,
    "equityraisemaximum": 3000000,
    "allowancefordoubtfulaccountsreceivable": 23930,
    "advertisingexpense": 2927,
    "concentrationriskpercentage1": 0.92,
    "shorttermdebtpercentagebearingfixedinterestrate": 0.12,
    "proceedsfromloans": 231424,
    "stockissuedduringperiodsharesother": 12000000,
    "unsecureddebt": 24600,
    "debtinstrumentinterestratestatedpercentage": 0.15,
    "debtinstrumentconvertibletermsofconversionfeature": "The convertible&#xa0;notes are convertible at ratios varying between 45% and 50% of the closing price at the date of conversion through, at its most favorable terms for the holders, the average of the three lowest closing bids for a period of 5-30 days prior to conversion.",
    "proceedsfromrelatedpartydebt": 1534,
    "employeerelatedliabilitiescurrent": 1268289,
    "convertiblepreferredstocksharesissueduponconversion": 1,
    "preferredstockvotingrights": "no voting rights",
    "stockissuedduringperiodvalueother": 8400,
    "operatingleasesrentexpenseminimumrentals": 1025,
    "leaseandrentalexpense": 15439,
    "operatinglosscarryforwards": 4700000,
    "valuationallowancedeferredtaxassetchangeinamount": 148000,
    "entityregistrantname": "Digital Brand Media & Marketing Group, Inc.",
    "documenttype": "10-K",
    "currentfiscalyearenddate": "--08-31",
    "amendmentflag": "false",
    "entitycentralindexkey": 1127475,
    "entitycurrentreportingstatus": "Yes",
    "entityfilercategory": "Non-accelerated Filer",
    "entitywellknownseasonedissuer": "No",
    "documentperiodenddate": "2019-08-31",
    "documentfiscalyearfocus": 2019,
    "documentfiscalperiodfocus": "FY",
    "entitysmallbusiness": "true",
    "entityemerginggrowthcompany": "false",
    "entityshellcompany": "false",
    "entityextransitionperiod": "false"
  }
]