[
  {
    "date": "2023-12-30",
    "symbol": "ELVG",
    "period": "FY",
    "cashandcashequivalentsatcarryingvalue": 699346,
    "accountsreceivablenetcurrent": 369904,
    "accountsandotherreceivablesnetcurrent": 37857,
    "otherreceivables": 418904,
    "prepaidexpenseandotherassetscurrent": 138482,
    "assetscurrent": 1664493,
    "operatingleaserightofuseasset": 278718,
    "intangibleassetsnetexcludinggoodwill": 130266,
    "propertyplantandequipmentnet": 14358,
    "assetsnoncurrent": 423342,
    "assets": 2087835,
    "accountspayablecurrent": 32312,
    "accountspayabletradecurrent": 152461,
    "accountspayableothercurrent": 194481,
    "othernotespayablecurrent": 861878,
    "operatingleaseliabilitycurrent": 42786,
    "accruedliabilitiescurrent": 247926,
    "otherliabilitiescurrent": 90195,
    "liabilitiescurrent": 1622039,
    "operatingleaseliabilitynoncurrent": 235932,
    "liabilitiesnoncurrent": 235932,
    "liabilities": 1857971,
    "commonstockvalue": 41445,
    "additionalpaidincapitalcommonstock": 45050884,
    "retainedearningsaccumulateddeficit": -44862465,
    "stockholdersequity": 229864,
    "liabilitiesandstockholdersequity": 2087835,
    "commonstockparorstatedvaluepershare": 0.0001,
    "commonstocksharesauthorized": 700000000,
    "commonstocksharesissued": 414448757,
    "commonstocksharesoutstanding": 414448757,
    "grossrevenue": 1841180,
    "netrevenue": 520613,
    "revenues": 2361793,
    "costofrevenuedeductions": 423616,
    "costofrevenuerelatedparty": 69820,
    "costofrevenue": 493436,
    "grossprofit": 1868357,
    "professionalfees": 275103,
    "professionalfeesrelatedparty": 62444,
    "laborandrelatedexpense": 1524442,
    "operatingleaseexpense": 58428,
    "provisionfordoubtfulaccounts": 3113,
    "depreciationandamortization": 53404,
    "othersellinggeneralandadministrativeexpense": 166241,
    "operatingexpenses": 2143175,
    "operatingincomeloss": -274818,
    "foreigncurrencytransactiongainlossunrealized": -6128,
    "otherincome": 90125,
    "othernonoperatingincomeexpense": 83997,
    "incomelossfromcontinuingoperationsbeforeincometaxesextraordinaryitemsnoncontrollinginterest": -190821,
    "incometaxexpensebenefit": 31906,
    "netincomeloss": -222727,
    "weightedaveragenumberofsharesoutstandingbasic": 414448757,
    "weightedaveragenumberofdilutedsharesoutstanding": 414448757,
    "depreciation": 10292,
    "adjustmentforamortization": 43112,
    "operatingleaserightofuseassetamortizationexpense": 34402,
    "increasedecreaseinaccountsreceivable": 39040,
    "increasedecreaseinaccountsandotherreceivables": 30663,
    "increasedecreaseinduefromotherrelatedpartiescurrent": 49104,
    "increasedecreaseinprepaiddeferredexpenseandotherassets": 79854,
    "increasedecreaseinaccountspayable": -2024,
    "increasedecreaseintradeaccountspayable": -158430,
    "increasedecreaseintradeaccountspayablerelatedparty": 138047,
    "increasedecreaseinotheraccruedliabilities": 376203,
    "increasedecreaseinaccruedliabilitiesandotheroperatingliabilities": 179165,
    "increasedecreaseinoperatingleaseliability": -34402,
    "increasedecreaseinduetorelatedparties": 41204,
    "netcashprovidedbyusedinoperatingactivities": 206181,
    "paymentstoacquirepropertyplantandequipment": 5438,
    "paymentsforsoftware": 5378,
    "netcashprovidedbyusedininvestingactivities": -10816,
    "cashcashequivalentsrestrictedcashandrestrictedcashequivalentsperiodincreasedecreaseexcludingexchangerateeffect": 195365,
    "cashcashequivalentsrestrictedcashandrestrictedcashequivalents": 699346,
    "capitalleaseobligationsincurred": 291467,
    "sharesoutstanding": 414448757,
    "basisofpresentationpolicytextblock": "Basis of Presentation",
    "finitelivedintangibleassetusefullife": "P5Y",
    "finitelivedintangibleassetsgross": 210000,
    "finitelivedintangibleassetsaccumulatedamortization": 85112,
    "finitelivedintangibleassetsamortizationexpensenexttwelvemonths": 43930,
    "finitelivedintangibleassetsamortizationexpenseyeartwo": 43807,
    "finitelivedintangibleassetsamortizationexpenseyearthree": 42529,
    "lesseeoperatingleaseliabilitypaymentsduenexttwelvemonths": 46364,
    "lesseeoperatingleaseliabilitypaymentsdueyeartwo": 46364,
    "lesseeoperatingleaseliabilitypaymentsdueyearthree": 46364,
    "lesseeoperatingleaseliabilitypaymentsdueyearfour": 46364,
    "lesseeoperatingleaseliabilitypaymentsdueafteryearfive": 139091,
    "lesseeoperatingleaseliabilitypaymentsdue": 324547,
    "lesseeoperatingleaseliabilityundiscountedexcessamount": 55489,
    "operatingleaseliability": 269058,
    "deferredtaxassetsoperatinglosscarryforwards": 237437,
    "deferredtaxassetsgross": 237437,
    "deferredtaxassetsvaluationallowance": 237437,
    "currentforeigntaxexpensebenefit": 29621,
    "currentforeignprioryear": 2285,
    "currentincometaxexpensebenefit": 31906,
    "propertyplantandequipmentusefullife": "P3Y",
    "finitelivedintangibleassetsremainingamortizationperiod1": "P5Y",
    "servicingassetatamortizedvalueperiodincreasedecrease": 210000,
    "amortizedoverlife": "P5Y",
    "othercostofoperatingrevenue": 239999,
    "otherliabilities": 112801,
    "costofgoodsandservicessold": 142226,
    "tradeaccountspayablerelatedparty": 81680,
    "subordinatedborrowinginterestrate": 0.0492,
    "rightofuseassetobtainedinexchangeforoperatingleaseliability": 291467,
    "operatinglosscarryforwards": 1118000,
    "documenttype": "10-K",
    "documentannualreport": "true",
    "documenttransitionreport": "false",
    "documentfinstmterrorcorrectionflag": "false",
    "entityinteractivedatacurrent": "No",
    "icfrauditorattestationflag": "false",
    "amendmentflag": "false",
    "documentperiodenddate": "2023-12-31",
    "documentfiscalyearfocus": 2023,
    "documentfiscalperiodfocus": "FY",
    "entityregistrantname": "Elvictor Group, Inc.",
    "entitycentralindexkey": 1741489,
    "entityfilenumber": "333-225239",
    "entitytaxidentificationnumber": "82-3296328",
    "entityincorporationstatecountrycode": "NV",
    "currentfiscalyearenddate": "--12-31",
    "entitywellknownseasonedissuer": "No",
    "entityvoluntaryfilers": "Yes",
    "entitycurrentreportingstatus": "Yes",
    "entityshellcompany": "false",
    "entityfilercategory": "Non-accelerated Filer",
    "entitysmallbusiness": "true",
    "entityemerginggrowthcompany": "false",
    "entityaddressaddressline1": "Vassileos Constantinou 79",
    "entityaddressaddressline2": "Vari",
    "entityaddresscityortown": "Attiki",
    "entityaddresscountry": "GR",
    "entityaddresspostalzipcode": 16672,
    "cityareacode": "(877)",
    "localphonenumber": "374-4196",
    "auditorname": "RBSM LLP",
    "auditorfirmid": 587,
    "auditorlocation": "New York, NY"
  },
  {
    "date": "2022-12-30",
    "symbol": "ELVG",
    "period": "FY",
    "cashcashequivalentsrestrictedcashandrestrictedcashequivalents": 503981,
    "accountsreceivablenetcurrent": 330864,
    "accountsandotherreceivablesnetcurrent": 7194,
    "duefromrelatedpartiescurrent": 369800,
    "prepaidexpenseandotherassetscurrent": 58628,
    "assetscurrent": 1270467,
    "operatingleaserightofuseasset": 21653,
    "intangibleassetsnetexcludinggoodwill": 168000,
    "propertyplantandequipmentnet": 19211,
    "assetsnoncurrent": 208864,
    "assets": 1479331,
    "accountspayablecurrent": 34336,
    "accountspayabletradecurrent": 310892,
    "accountspayabletradecurrentrelatedparty": 56434,
    "othernotespayable": 485675,
    "financeleaseliabilitycurrent": 12262,
    "taxespayablecurrent": 68759,
    "duetorelatedpartiescurrent": 48991,
    "liabilitiescurrent": 1017349,
    "financeleaseliabilitynoncurrent": 9391,
    "liabilitiesnoncurrent": 9391,
    "liabilities": 1026740,
    "commonstockvalue": 41445,
    "additionalpaidincapital": 45050884,
    "retainedearningsaccumulateddeficit": -44639738,
    "stockholdersequity": -44639738,
    "liabilitiesandstockholdersequity": 1479331,
    "commonstockparorstatedvaluepershare": 0.0001,
    "commonstocksharesauthorized": 700000000,
    "commonstocksharesissued": 414448757,
    "commonstocksharesoutstanding": 414448757,
    "grossrevenue": 2045558,
    "revenuefromcontractwithcustomerincludingassessedtax": 430102,
    "revenues": 2475660,
    "costofrevenue": 22170,
    "costofrevenuerelatedparty": 99890,
    "grossprofit": 1976053,
    "professionalfees": 540416,
    "professionalfeesrelatedparty": 137004,
    "laborandrelatedexpense": 1316906,
    "operatingleasesrentexpensenet": 56931,
    "provisionfordoubtfulaccounts": 17070,
    "depreciationandamortization": 48319,
    "othersellinggeneralandadministrativeexpense": 183796,
    "operatingexpenses": 2300442,
    "operatingincomeloss": -324389,
    "foreigncurrencytransactiongainlossunrealized": 9101,
    "otherincome": 117642,
    "othernonoperatingincomeexpense": 126743,
    "incomelossfromcontinuingoperationsbeforeincometaxesextraordinaryitemsnoncontrollinginterest": -197646,
    "incometaxexpensebenefit": 41212,
    "netincomeloss": -238858,
    "weightedaveragenumberofsharesoutstandingbasic": 414059168,
    "weightedaveragenumberofdilutedsharesoutstanding": 414059168,
    "depreciation": 6319,
    "adjustmentforamortization": 42000,
    "sharesissuedforservices": 38700,
    "increasedecreaseinaccountsreceivable": -96618,
    "increasedecreaseinaccountsreceivablerelatedparties": -52436,
    "increasedecreaseinnotesreceivablerelatedpartiescurrent": 208069,
    "increasedecreaseinprepaiddeferredexpenseandotherassets": 56159,
    "increasedecreaseinotheraccountspayable": -43986,
    "increasedecreaseinaccountspayabletrade": 222639,
    "increasedecreaseinaccountspayabletraderelatedparties": -27789,
    "increasedecreaseotherpayables": 279475,
    "increasedecreaseinaccruedliabilitiesandotheroperatingliabilities": 38146,
    "increasedecreaseinduetorelatedparties": 8893,
    "netcashprovidedbyusedinoperatingactivities": 210365,
    "paymentstoacquirepropertyplantandequipment": 14911,
    "netcashprovidedbyusedininvestingactivities": -14911,
    "cashcashequivalentsrestrictedcashandrestrictedcashequivalentsperiodincreasedecreaseincludingexchangerateeffect": 195161,
    "incometaxespaidnet": 10217,
    "stockissued1": 210000,
    "sharesoutstanding": 414448757,
    "stockissuedduringperiodvalueissuedforservices": 38700,
    "stockissuedduringperiodsharesissuedforservices": 900000,
    "stockissuedduringperiodvalueacquisitions": 210000,
    "stockissuedduringperiodsharesacquisitions": 7000000,
    "otherpayablestextblock": "NOTE7 - OTHER PAYABLES ",
    "finitelivedintangibleassetusefullife": 5,
    "finitelivedintangibleassetsgross": 210000,
    "finitelivedintangibleassetsaccumulatedamortization": 42000,
    "finitelivedintangibleassetsnet": 168000,
    "finitelivedintangibleassetsamortizationexpenserollingyeartwo": 42000,
    "finitelivedintangibleassetsamortizationexpenserollingyearthree": 42000,
    "finitelivedintangibleassetsamortizationexpenserollingyearfour": 42000,
    "finitelivedintangibleassetsamortizationexpenserollingyearfive": 42000,
    "operatingleasesfutureminimumpaymentsreceivablecurrent": 12000,
    "operatingleasesfutureminimumpaymentsreceivablethereafter": 9000,
    "operatingleasesfutureminimumpaymentsreceivable": 21000,
    "lesseeoperatingleaseliabilityundiscountedexcessamount": 1653,
    "operatingleaseliabilities": 21653,
    "leaseincentivereceivablecurrent": 9391,
    "leaseincentivereceivablenoncurrent": 12262,
    "deferredtaxassetsoperatinglosscarryforwards": 190664,
    "deferredtaxassetsgross": 190664,
    "deferredtaxassetsvaluationallowance": 190664,
    "currentforeigntaxexpensebenefit": 30995,
    "foreignprioryear": 10217,
    "currentincometaxexpensebenefit": 41212,
    "othertaxexpensebenefit": 41212,
    "propertyplantandequipmentusefullife": 3,
    "intangibleassets": "five years",
    "accountsreceivablesale": 330864,
    "otherreceivables": 7194,
    "accountsreceivablerelatedparties": 369800,
    "servicingassetatamortizedvalueperiodincreasedecrease": 210000,
    "amortizationofintangibleassets": 42000,
    "costsandexpensesrelatedparty": 20000,
    "duefromotherrelatedpartiescurrent": 369800,
    "othercostofoperatingrevenue": 42829,
    "costofgoodsandservicessold": 153005,
    "costofgoodssoldsalestypelease": 13575,
    "amountofembeddedregulatoryliability": 30,
    "otherpostretirementbenefitspayablecurrentandnoncurrent": 213348,
    "accountspayableothercurrentandnoncurrent": 182949,
    "salesandexcisetaxpayablecurrentandnoncurrent": 89219,
    "sharesissued": 414448757,
    "lesseeoperatingleasedescription": "TheCompany entered in a long-term rental lease agreement for offices of its subsidiary branch in Vari, Greece for the period commencingfrom July 10, 2020, through December 31, 2021, in the amount of 5,000€ per month, the first month July was adjusted for the shortenedperiod.",
    "operatinglosscarryforwards": 900000,
    "entityregistrantname": "ElvictorGroup, Inc.",
    "documenttype": "10-K",
    "currentfiscalyearenddate": "December 31",
    "amendmentflag": "false",
    "entitycentralindexkey": 1741489,
    "entitycurrentreportingstatus": "Yes",
    "entityvoluntaryfilers": "Yes",
    "entityfilercategory": "Non-accelerated filer",
    "entitywellknownseasonedissuer": "No",
    "documentperiodenddate": "December 31, 2022",
    "documentfiscalyearfocus": 2022,
    "documentfiscalperiodfocus": "FY",
    "entitysmallbusiness": "true",
    "entityemerginggrowthcompany": "true",
    "entityshellcompany": "true",
    "entityextransitionperiod": "false",
    "icfrauditorattestationflag": "false",
    "documentannualreport": "true",
    "documenttransitionreport": "false",
    "entityfilenumber": "333-225239",
    "entityincorporationstatecountrycode": "Nevada",
    "entitytaxidentificationnumber": "82-3296328",
    "entityaddressaddressline1": "VassileosConstantinou 79",
    "entityaddressaddressline2": "Vari",
    "entityaddresspostalzipcode": 16672,
    "entityaddresscityortown": "Attiki",
    "entityaddresscountry": "Greece",
    "cityareacode": "(877)",
    "localphonenumber": "374-4196",
    "entityinteractivedatacurrent": "No",
    "auditorname": "BF Borgers CPA PC",
    "auditorfirmid": 5041,
    "auditorlocation": "Lakewood, CO"
  },
  {
    "date": "2021-12-30",
    "symbol": "ELVG",
    "period": "FY",
    "cash": 308526,
    "accountsreceivablenetcurrent": 427482,
    "accountsandotherreceivablesnetcurrent": 59631,
    "duefromrelatedpartiescurrent": 161731,
    "prepaidexpenseandotherassetscurrent": 2469,
    "rouassetrelatedpartylongtermassets": 60394,
    "assetscurrent": 1020233,
    "operatingleaserightofuseasset": 22953,
    "propertyplantandequipmentnet": 10619,
    "assetsnoncurrent": 33572,
    "assets": 1053805,
    "accountspayablecurrent": 78322,
    "accountspayabletradecurrent": 88253,
    "accountspayabletradecurrentrelatedparty": 84223,
    "othernotespayable": 30613,
    "financeleaseliabilitycurrent": 60394,
    "taxespayablecurrent": 30613,
    "duetorelatedpartiescurrent": 40098,
    "liabilitiescurrent": 588103,
    "financeleaseliabilitynoncurrent": 22953,
    "liabilitiesnoncurrent": 22953,
    "commonstockvalue": 40655,
    "additionalpaidincapital": 44802974,
    "retainedearningsaccumulateddeficit": -44400880,
    "stockholdersequity": 442749,
    "liabilitiesandstockholdersequity": 1053805,
    "preferredstockparorstatedvaluepershare": 0.0001,
    "preferredstocksharesauthorized": 100000000,
    "commonstockparorstatedvaluepershare": 0.0001,
    "commonstocksharesauthorized": 700000000,
    "commonstocksharesissued": 406548757,
    "commonstocksharesoutstanding": 406548757,
    "grossrevenue": 1986862,
    "revenuefromcontractwithcustomerincludingassessedtax": 400158,
    "revenues": 2387020,
    "costofrevenue": 370193,
    "costofrevenuerelatedparty": 649578,
    "grossprofit": 1367249,
    "professionalfees": 356472,
    "professionalfeesrelatedparty": 127957,
    "laborandrelatedexpense": 720192,
    "operatingleasesrentexpensenet": 59144,
    "othersellinggeneralandadministrativeexpense": 157076,
    "operatingexpenses": 1420841,
    "operatingincomeloss": -53592,
    "governmentsubsidy": 36712,
    "lossfromconversionofpreferredstocktocommonstock": 43147786,
    "othernonoperatingincomeexpense": -43111074,
    "incomelossfromcontinuingoperationsbeforeincometaxesextraordinaryitemsnoncontrollinginterest": -43164666,
    "incometaxexpensebenefit": 74,
    "netincomeloss": -43164740,
    "earningspersharebasicanddiluted": -0.14,
    "weightedaveragenumberofshareoutstandingbasicanddiluted": 306360531,
    "depreciation": 2257,
    "lossonconversionofpreferredstocktocommonstock": 43147786,
    "increasedecreaseinaccountsreceivable": 168492,
    "increasedecreaseinaccountsreceivablerelatedparties": 59631,
    "increasedecreaseinnotesreceivablerelatedpartiescurrent": 161731,
    "increasedecreaseinprepaidexpensesother": 287,
    "increasedecreaseinotheraccountspayable": 66336,
    "increasedecreaseinaccountspayabletrade": 25022,
    "increasedecreaseinaccountspayabletraderelatedparties": 61685,
    "increasedecreaseotherpayables": 49892,
    "increasedecreaseinaccruedliabilitiesandotheroperatingliabilities": 29369,
    "netcashprovidedbyusedinoperatingactivities": -172534,
    "paymentstoacquirepropertyplantandequipment": 12877,
    "netcashprovidedbyusedininvestingactivities": -12877,
    "increasedecreaseinduetorelatedparties": 38300,
    "proceedsfromissuanceofcommonstock": 111833,
    "netcashprovidedbyusedinfinancingactivities": 150133,
    "cashandcashequivalentsperiodincreasedecrease": -35278,
    "cashcashequivalentsrestrictedcashandrestrictedcashequivalents": 308526,
    "incometaxespaidnet": 73,
    "commonstockissuedtoreduceconvertiblenotespayable": 405725,
    "rightofuseassetsobtainedinexchangeforoperatingleaseobligations": 61863,
    "stockissuedduringperiodvaluenewissues": 111833,
    "stockissuedduringperiodsharesnewissues": 1016665,
    "issuanceofconvertiblebonds": 405727,
    "sharesissuedforconvertiblebondsinshares": 3688419,
    "conversionofstockamountissued1": 43147786,
    "conversionofstocksharesissued1": -80000000,
    "profitloss": -43164740,
    "otherpayablestextblock": "NOTE7 - OTHER PAYABLES ",
    "operatingleaseexpense": 58144,
    "operatingleasecost": 58144,
    "currentforeigntaxexpensebenefit": 3142,
    "currentincometaxexpensebenefit": 3142,
    "totalprovisionbenefitforincometax": 3142,
    "propertyplantandequipmentusefullife": 3,
    "accountsreceivablesale": 427482,
    "otherreceivables": 221362,
    "costofrevenuerelatedparties": 524558,
    "duefromotherrelatedpartiescurrent": 161731,
    "othercostofoperatingrevenue": 26350,
    "amountofembeddedregulatoryliability": 3891,
    "costofgoodssoldsalestypelease": 244558,
    "accountspayabletradecurrentandnoncurrent": 65767,
    "professionalfee": 106015,
    "relatedpartytaxexpenseduetoaffiliatesdeferred": 18107,
    "lesseeoperatingleasediscountrate": 0.0285,
    "principalamount": 0.11,
    "demutualizationbyinsuranceentitysecuritiesissuedgrosscashproceeds": 111833,
    "operatinglosscarryforwards": 669068,
    "entityregistrantname": "ElvictorGroup, Inc.",
    "documenttype": "10-K",
    "currentfiscalyearenddate": "December 31",
    "amendmentflag": "false",
    "entitycentralindexkey": 1741489,
    "entitycurrentreportingstatus": "Yes",
    "entityvoluntaryfilers": "Yes",
    "entityfilercategory": "Non-accelerated filer",
    "entitywellknownseasonedissuer": "No",
    "documentperiodenddate": "December 31, 2021",
    "documentfiscalyearfocus": 2021,
    "documentfiscalperiodfocus": "FY",
    "entitysmallbusiness": "true",
    "entityemerginggrowthcompany": "true",
    "entityshellcompany": "true",
    "entityextransitionperiod": "false",
    "icfrauditorattestationflag": "false",
    "documentannualreport": "true",
    "documenttransitionreport": "false",
    "entityfilenumber": "333-225239",
    "entityincorporationstatecountrycode": "Nevada",
    "entitytaxidentificationnumber": "82-3296328",
    "entityaddressaddressline1": "VassileosConstantinou 79",
    "entityaddressaddressline2": "Vari",
    "entityaddresspostalzipcode": 16672,
    "entityaddresscityortown": "Attiki",
    "entityaddresscountry": "Greece",
    "cityareacode": "(877)",
    "localphonenumber": "374-4196",
    "entityinteractivedatacurrent": "No",
    "auditorfirmid": 5041,
    "auditorname": "BF Borgers CPA PC",
    "auditorlocation": "Lakewood, CO"
  },
  {
    "date": "2020-12-30",
    "symbol": "ELVG",
    "period": "FY",
    "documenttype": "10-K",
    "amendmentflag": "false",
    "documentannualreport": "true",
    "documentperiodenddate": "2020-12-31",
    "currentfiscalyearenddate": "--12-31",
    "entityfilenumber": "333-225239",
    "entityregistrantname": "Elvictor Group, Inc.",
    "entitycentralindexkey": 1741489,
    "entitytaxidentificationnumber": "82-3296328",
    "entityincorporationstatecountrycode": "NV",
    "entityaddressaddressline1": "30 Wall Street",
    "entityaddresscityortown": "New York",
    "entityaddressstateorprovince": "NY",
    "entityaddresspostalzipcode": 10005,
    "countryregion": 646,
    "cityareacode": "491-6601",
    "entitywellknownseasonedissuer": "No",
    "entityvoluntaryfilers": "No",
    "entitycurrentreportingstatus": "Yes",
    "entityinteractivedatacurrent": "Yes",
    "entityfilercategory": "Non-accelerated Filer",
    "entitysmallbusiness": "true",
    "entityemerginggrowthcompany": "true",
    "entityextransitionperiod": "false",
    "entityshellcompany": "false",
    "documentfiscalperiodfocus": "FY",
    "documentfiscalyearfocus": 2020,
    "cash": 343804,
    "accountsreceivablenetcurrent": 258990,
    "assetscurrent": 602794,
    "prepaidexpensenoncurrent": 2183,
    "operatingleaserightofuseasset": 70214,
    "assetsnoncurrent": 72397,
    "assets": 675191,
    "accountspayablecurrent": 11988,
    "accountspayabletradecurrent": 63231,
    "accountspayabletradecurrentrelatedparty": 22538,
    "othernotespayable": 156308,
    "convertiblebondpayable": 313911,
    "taxespayablecurrent": 1246,
    "duetorelatedpartiescurrent": 1798,
    "liabilitiescurrent": 571020,
    "financeleaseliabilitynoncurrent": 70214,
    "liabilitiesnoncurrent": 70214,
    "liabilities": 641234,
    "commonstockvalue": 2638,
    "preferredstockvalue": 8000,
    "additionalpaidincapital": 1166089,
    "retainedearningsaccumulateddeficit": -1142769,
    "stockholdersequity": 8000,
    "liabilitiesandstockholdersequity": 675191,
    "commonstockparorstatedvaluepershare": 0.0001,
    "commonstocksharesauthorized": 200000000,
    "commonstocksharesissued": 26384673,
    "commonstocksharesoutstanding": 26384673,
    "preferredstockparorstatedvaluepershare": 0.0001,
    "preferredstocksharesauthorized": 100000000,
    "preferredstocksharesissued": 80000000,
    "preferredstocksharesoutstanding": 80000000,
    "grossrevenue": 386984,
    "revenuefromcontractwithcustomerincludingassessedtax": 79584,
    "revenues": 466568,
    "coss": 116911,
    "cossrelatedparty": 11779,
    "grossprofit": 337878,
    "professionalfees": 239572,
    "professionalfeesrelatedparty": 289905,
    "laborandrelatedexpense": 59931,
    "operatingleasesrentexpensenet": 34670,
    "othersellinggeneralandadministrativeexpense": 73942,
    "operatingexpenses": 698020,
    "operatingincomeloss": -360142,
    "interestexpense": 769,
    "otherincome": 6465,
    "netprofitlossbeforeincometax": -354445,
    "incometaxexpensebenefit": 1240,
    "netincomeloss": -355804,
    "earningspersharebasicanddiluted": -0.02,
    "weightedaveragenumberofshareoutstandingbasicanddiluted": 21420725,
    "increasedecreaseinaccountsreceivablerelatedparties": -258991,
    "increasedecreaseinprepaidexpense": -2183,
    "rouassetrelatedparty": -70214,
    "increasedecreaseinaccountspayable": 6488,
    "increasedecreaseinaccountspayabletrade": 63231,
    "increasedecreaseinaccountspayabletraderelatedparties": 22538,
    "increasedecreaseinotheraccountspayable": 156306,
    "increasedecreaseinconvertiblebondpayable": 406494,
    "increasedecreaseinaccruedincometaxespayable": 1246,
    "leaseliabilityrelatedparty": 70214,
    "increasedecreaseinemployeerelatedliabilities": -1935,
    "stockissuedduringperiodvalueissuedforservices": 66049,
    "netcashprovidedbyusedinoperatingactivities": 103609,
    "increasedecreaseinduetorelatedparties": 1635,
    "proceedsfromissuanceofcommonstock": 214200,
    "netcashprovidedbyusedinfinancingactivities": 215835,
    "cashandcashequivalentsperiodincreasedecrease": 319444,
    "sharesoutstanding": 80000000,
    "stockissuedduringperiodvaluenewissues": 214157,
    "stockissuedduringperiodsharesnewissues": 428400,
    "stockissuedduringperiodsharesissuedforservices": 512273,
    "stockissuedduringperiodvaluestockdividend": -582787,
    "commonstockdividendsshares": 4662300,
    "issuanceofconvertiblebondsbcf": 92582,
    "lesseeoperatingleaseliabilitypaymentsdue": 98785,
    "lesseeoperatingleaseliabilityundiscountedexcessamount": 12872,
    "operatingleaseexpense": 13548,
    "deferredtaxassetsoperatinglosscarryforwards": 488544,
    "deferredtaxassetsvaluationallowance": 488544
  },
  {
    "date": "2019-12-30",
    "symbol": "ELVG",
    "period": "FY",
    "documenttype": "10-K",
    "amendmentflag": "false",
    "documentperiodenddate": "2019-12-31",
    "currentfiscalyearenddate": "--12-31",
    "entityfilenumber": "333-225239",
    "entityregistrantname": "Elvictor Group, Inc.",
    "entitycentralindexkey": 1741489,
    "entitytaxidentificationnumber": "82-3296328",
    "entityincorporationstatecountrycode": "NV",
    "entityaddressaddressline1": "30 Wall Street",
    "entityaddresscityortown": "New York",
    "entityaddressstateorprovince": "NY",
    "entityaddresspostalzipcode": 10005,
    "countryregion": 646,
    "cityareacode": "491-6601",
    "entitywellknownseasonedissuer": "No",
    "entityvoluntaryfilers": "No",
    "entitycurrentreportingstatus": "Yes",
    "entityinteractivedatacurrent": "Yes",
    "entityfilercategory": "Non-accelerated Filer",
    "entitysmallbusiness": "true",
    "entityemerginggrowthcompany": "true",
    "entityextransitionperiod": "false",
    "entityshellcompany": "false",
    "documentfiscalperiodfocus": "FY",
    "documentfiscalyearfocus": 2019,
    "cash": 24359,
    "assetscurrent": 24359,
    "assets": 24359,
    "accountspayablecurrent": 5500,
    "employeerelatedliabilitiescurrent": 1935,
    "duetorelatedpartiescurrent": 163,
    "liabilitiescurrent": 7598,
    "liabilities": 7598,
    "commonstockvalue": 2078,
    "preferredstockvalue": 8000,
    "additionalpaidincapital": 210980,
    "retainedearningsaccumulateddeficit": -204297,
    "stockholdersequity": 8000,
    "liabilitiesandstockholdersequity": 24359,
    "commonstockparorstatedvaluepershare": 0.0001,
    "commonstocksharesauthorized": 200000000,
    "commonstocksharesissued": 20781700,
    "commonstocksharesoutstanding": 20781700,
    "preferredstockparorstatedvaluepershare": 0.0001,
    "preferredstocksharesauthorized": 100000000,
    "preferredstocksharesissued": 80000000,
    "preferredstocksharesoutstanding": 80000000,
    "revenuefromrelatedparties": 473,
    "professionalfees": 68000,
    "professionalfeesrelatedparty": 4540,
    "laborandrelatedexpense": 1935,
    "othersellinggeneralandadministrativeexpense": 30740,
    "operatingexpenses": 105216,
    "operatingincomeloss": -104743,
    "incomelossfromcontinuingoperationsbeforeincometaxesextraordinaryitemsnoncontrollinginterest": -104743,
    "netincomeloss": -104743,
    "earningspersharebasicanddiluted": -0.01,
    "weightedaveragenumberofshareoutstandingbasicanddiluted": 20654522,
    "increasedecreaseinaccountsreceivablerelatedparties": 3000,
    "proceedsfromshorttermdebt": 10000,
    "increasedecreaseinaccountspayable": 500,
    "increasedecreaseinemployeerelatedliabilities": 1935,
    "stockissuedduringperiodvalueissuedforservices": 26240,
    "netcashprovidedbyusedinoperatingactivities": -63057,
    "increasedecreaseinduetorelatedparties": -3078,
    "proceedsfromissuanceofcommonstock": 30000,
    "proceedsfromissuanceofpreferredstockandpreferencestock": 30000,
    "proceedsfromsubscriptionreceivable": 6000,
    "netcashprovidedbyusedinfinancingactivities": 62922,
    "cashandcashequivalentsperiodincreasedecrease": -135,
    "forgivenessofdebtbydirectors": 21468,
    "sharesoutstanding": 80000000,
    "stockissuedduringperiodvaluenewissues": 51988,
    "stockissuedduringperiodsharesnewissues": 80000000,
    "stockissuedduringperiodsharesissuedforservices": 105000,
    "deferredtaxassetsoperatinglosscarryforwards": 204297,
    "deferredtaxassetsvaluationallowance": 204297
  }
]