[
  {
    "date": "2023-12-30",
    "symbol": "FFLO",
    "period": "FY",
    "entitycentralindexkey": 1543652,
    "currentfiscalyearenddate": "--12-31",
    "entityregistrantname": "Free Flow Inc.",
    "documenttype": "10-K",
    "documentperiodenddate": "2023-12-31",
    "entitytaxidentificationnumber": "45-3838831",
    "entityfilercategory": "Non-accelerated Filer",
    "entitycurrentreportingstatus": "Yes",
    "entityinteractivedatacurrent": "Yes",
    "entityvoluntaryfilers": "No",
    "entitywellknownseasonedissuer": "No",
    "entityshellcompany": "false",
    "entitysmallbusiness": "true",
    "entityemerginggrowthcompany": "false",
    "documentfinstmterrorcorrectionflag": "false",
    "documentannualreport": "true",
    "documenttransitionreport": "false",
    "entityfilenumber": "000-54868",
    "entityincorporationstatecountrycode": "DE",
    "entityaddressaddressline1": "6269 Caledon Road",
    "entityaddresscityortown": "King George",
    "entityaddressstateorprovince": "VA",
    "entityaddresspostalzipcode": 22485,
    "entityaddressaddressdescription": "Address of Principal Executive Offices",
    "cityareacode": 703,
    "localphonenumber": "789-3344",
    "phonefaxnumberdescription": "Registrant’s Telephone Number",
    "amendmentflag": "false",
    "documentfiscalyearfocus": 2023,
    "documentfiscalperiodfocus": "FY",
    "auditorname": "Yusufali &amp; Associates, LLC",
    "auditorlocation": "Short Hills, New Jersey",
    "auditorfirmid": 3313,
    "cashandcashequivalentsatcarryingvalue": 39521,
    "accountsreceivablenetcurrent": 95440,
    "refundduefromirsertc": 32730,
    "roundingoffdecimalerror": -2,
    "inventorynet": 4800,
    "assetscurrent": 172489,
    "landimprovements": 772413,
    "accumulateddepreciationfixedassets": 283731,
    "landandlandimprovements": 488682,
    "deliverytrucksatcost": 2500,
    "accumulateddepreciationinotherassets": -2500,
    "furnitureandfixturesgross": 11697,
    "propertyplantandequipmentother": 31712,
    "accumulateddepreciationoffurnitureandequipment": -31712,
    "otherassets": 11697,
    "assets": 672867,
    "accountspayablecurrent": 138669,
    "notespayablecurrent": 2500,
    "notespayablerelatedparties": 9634,
    "liabilitiescurrent": 150803,
    "securedlongtermdebt": 319319,
    "longtermloanspayable": 499900,
    "paypaladvance": 29517,
    "incrediblebankpropertytax": 40587,
    "lineofcreditfacilityfairvalueofamountoutstanding": 847817,
    "liabilitiesnoncurrent": 1737141,
    "liabilities": 1887944,
    "temporaryequitycarryingamountattributabletoparent": 330000,
    "preferredstockvalue": 1,
    "commonstockvalue": 2620,
    "additionalpaidincapital": 140033,
    "incomefortheperiodjanuarydecember302020": -232156,
    "retainedearningsaccumulateddeficit": -1926509,
    "stockholdersequityincludingportionattributabletononcontrollinginterest": -2016013,
    "liabilitiesandstockholdersequity": 672866,
    "redeemablepreferredstocksharesauthorized": 500000,
    "redeemablepreferredstocksharesissued": 330000,
    "redeemablepreferredstocksharesoutstanding": 330000,
    "preferredstockparorstatedvaluepershare": 0.0001,
    "preferredstocksharesauthorized": 20000000,
    "preferredstocksharesissued": 10000,
    "commonstockparorstatedvaluepershare": 0.0001,
    "commonstocksharesauthorized": 100000000,
    "commonstocksharesissued": 25876900,
    "commonstocksharesoutstanding": 25876900,
    "revenuefromcontractwithcustomerincludingassessedtax": 4032,
    "revenues": 4032,
    "costofgoodsandservicessold": 16564,
    "grossprofit": -12532,
    "sellinggeneralandadministrativeexpense": 253919,
    "operatingexpenses": 253919,
    "operatingincomeloss": -266451,
    "othernonoperatingincomeexpense": 34295,
    "netincomeloss": -232156,
    "basisincomelosspershare": -0.01,
    "weightedaveragenumberofcommonsharesoutstanding": 25876900,
    "stockholdersequity": 2620,
    "sharesoutstanding": 24876900,
    "stockissued1": 35000,
    "additionalpaidincapital1": 11000,
    "profitloss": -232156,
    "depreciation": 42503,
    "pncclovernotewrittenoff": -10402,
    "increasedecreaseinaccountspayable": 137022,
    "proceedsfromincometaxrefunds": 44913,
    "increasedecreaseininventories": 799,
    "increasedecreaseinaccountsreceivable": 3910,
    "netcashprovidedbyusedinoperatingactivities": -22829,
    "paymentsforcapitalimprovements": 1000,
    "netcashprovidedbyusedininvestingactivities": -1000,
    "proceedsfromsubscriptionmoney": 11000,
    "proceedsfromnotespayable": 2500,
    "proceedsfrompaypaladvance": -4011,
    "proceedsfromincrediblebankpropertytax": 40587,
    "repaymentofloanfromincrediblebank": -4000,
    "netcashprovidedbyusedinfinancingactivities": 46076,
    "cashcashequivalentsrestrictedcashandrestrictedcashequivalentsperiodincreasedecreaseexcludingexchangerateeffect": 22247,
    "cashcashequivalentsrestrictedcashandrestrictedcashequivalents": 39521,
    "accountsreceivablenet": 95440,
    "effectiveincometaxratereconciliationatfederalstatutoryincometaxrate": 0.34,
    "netoperatingprofitlosscarryforward": -232156,
    "incomelossfromcontinuingoperationsbeforeincometaxesextraordinaryitemsnoncontrollinginterest": -232156,
    "currentincometaxexpensebenefit": 78933,
    "valuationallowancedeferredtaxassetchangeinamount": -78933,
    "propertyplantandequipmentgross": 772413,
    "accumulateddepreciationdepletionandamortizationpropertyplantandequipment": 317943,
    "propertyplantandequipmentnet": 488682,
    "depreciationexpenseonpropertyplantandequipment": 42503,
    "preferredstocksharesoutstanding": 10000
  },
  {
    "date": "2022-12-30",
    "symbol": "FFLO",
    "period": "FY",
    "entitycentralindexkey": 1543652,
    "currentfiscalyearenddate": "--12-31",
    "entityregistrantname": "Free Flow Inc.",
    "documenttype": "10-K",
    "documentperiodenddate": "2022-12-31",
    "entitytaxidentificationnumber": "45-3838831",
    "entityfilercategory": "Non-accelerated Filer",
    "entitycurrentreportingstatus": "Yes",
    "entityinteractivedatacurrent": "Yes",
    "entityvoluntaryfilers": "No",
    "entitywellknownseasonedissuer": "No",
    "entityshellcompany": "false",
    "entitysmallbusiness": "true",
    "entityemerginggrowthcompany": "false",
    "documentannualreport": "true",
    "documenttransitionreport": "false",
    "entityfilenumber": "000-54868",
    "entityincorporationstatecountrycode": "DE",
    "entityaddressaddressline1": "6269 Caledon Road",
    "entityaddresscityortown": "King George",
    "entityaddressstateorprovince": "VA",
    "entityaddresspostalzipcode": 22485,
    "entityaddressaddressdescription": "Address of Principal Executive Offices",
    "cityareacode": 703,
    "localphonenumber": "789-3344",
    "phonefaxnumberdescription": "Registrant’s Telephone Number",
    "documentfinstmterrorcorrectionflag": "false",
    "amendmentflag": "false",
    "documentfiscalyearfocus": 2022,
    "documentfiscalperiodfocus": "FY",
    "auditorlocation": "Short Hills, NJ",
    "auditorname": "Yusufali &amp; Associates, LLC",
    "auditorfirmid": 3313,
    "cashandcashequivalentsatcarryingvalue": 17274,
    "accountsreceivablenetcurrent": 94641,
    "refundduefromirsertc": 77643,
    "roundingoffdecimalerror": -2,
    "inventorynet": 890,
    "assetscurrent": 190446,
    "landimprovements": 772413,
    "accumulateddepreciationfixedassets": 241228,
    "landandlandimprovements": 531185,
    "deliverytrucksatcost": 2500,
    "accumulateddepreciationinotherassets": -2500,
    "furnitureandfixturesgross": 10697,
    "propertyplantandequipmentother": 31712,
    "accumulateddepreciationoffurnitureandequipment": -31712,
    "otherassets": 10697,
    "assets": 732327,
    "accountspayablecurrent": 1647,
    "notespayablecurrent": 10402,
    "notespayablerelatedparties": 9634,
    "liabilitiescurrent": 21683,
    "securedlongtermdebt": 319319,
    "longtermloanspayable": 499900,
    "paypaladvance": 33528,
    "lineofcreditfacilityfairvalueofamountoutstanding": 851817,
    "liabilitiesnoncurrent": 1704565,
    "liabilities": 1726247,
    "temporaryequitycarryingamountattributabletoparent": 330000,
    "preferredstockvalue": 1,
    "commonstockvalue": 2620,
    "additionalpaidincapital": 129033,
    "incomefortheperiodjanuarydecember302020": -2761312,
    "retainedearningsaccumulateddeficit": 834803,
    "stockholdersequityincludingportionattributabletononcontrollinginterest": -1794855,
    "liabilitiesandstockholdersequity": 732327,
    "redeemablepreferredstocksharesauthorized": 500000,
    "redeemablepreferredstocksharesissued": 330000,
    "redeemablepreferredstocksharesoutstanding": 330000,
    "preferredstockparorstatedvaluepershare": 0.0001,
    "preferredstocksharesauthorized": 20000000,
    "preferredstocksharesissued": 10000,
    "commonstockparorstatedvaluepershare": 0.0001,
    "commonstocksharesauthorized": 100000000,
    "commonstocksharesissued": 26221000,
    "commonstocksharesoutstanding": 26221000,
    "revenuefromcontractwithcustomerincludingassessedtax": 195137,
    "revenues": 195137,
    "costofgoodsandservicessold": 195529,
    "grossprofit": -391,
    "generalandadministrativeexpense": 341971,
    "operatingexpenses": 341971,
    "operatingincomeloss": -342362,
    "othernonoperatingincomeexpense": -2418950,
    "netincomeloss": -2761312,
    "basisincomelosspershare": -0.11,
    "weightedaveragenumberofcommonsharesoutstanding": 24841900,
    "sharesoutstanding": 24841900,
    "stockissuedduringperiodsharessharebasedcompensationforfeited": -1379100,
    "adjustmentstoadditionalpaidincapitalother": 2000,
    "depreciation": 62436,
    "lossondisposaloffixedassets": 339,
    "forgivenessofppp1loan": -41675,
    "increasedecreaseassetsofiap": -940000,
    "inventory": 2525484,
    "increasedecreasenotespayableiap": 937666,
    "increasedecreaseinaccountspayable": -22062,
    "increasedecreaseinaccountsreceivable": 67563,
    "increasedecreaseininventories": 890,
    "netcashprovidedbyusedinoperatingactivities": -304909,
    "proceedsfromsaleofotherassetsinvestingactivities": 1344,
    "netcashprovidedbyusedininvestingactivities": 1344,
    "proceedsfromnotespayablerelatedparties": 7645,
    "proceedsfromnotespayable": 5000,
    "repaymentsofnotespayable": 15687,
    "repaymentsoflinesofcredit": 16482,
    "proceedsfrompaypaladvance": -14707,
    "proceedsfromeidl": 353600,
    "repaymentofloanfromincrediblebank": -8742,
    "netcashprovidedbyusedinfinancingactivities": 310627,
    "cashcashequivalentsrestrictedcashandrestrictedcashequivalentsperiodincreasedecreaseexcludingexchangerateeffect": 7062,
    "cashcashequivalentsrestrictedcashandrestrictedcashequivalents": 17274,
    "accountsreceivablenet": 172284,
    "netoperatingprofitlosscarryforward": -2761312,
    "effectiveincometaxratereconciliationatfederalstatutoryincometaxrate": 0.34,
    "incomelossfromcontinuingoperationsbeforeincometaxesextraordinaryitemsnoncontrollinginterest": -2761312,
    "valuationallowancedeferredtaxassetchangeinamount": -938847,
    "propertyplantandequipmentgross": 772413,
    "accumulateddepreciationdepletionandamortizationpropertyplantandequipment": 275440,
    "propertyplantandequipmentnet": 531185,
    "depreciationexpenseonpropertyplantandequipment": 62436,
    "preferredstocksharesoutstanding": 10000
  },
  {
    "date": "2021-12-30",
    "symbol": "FFLO",
    "period": "FY",
    "entitycentralindexkey": 1543652,
    "currentfiscalyearenddate": "--12-31",
    "entityregistrantname": "Free Flow Inc.",
    "documenttype": "10-K",
    "documentperiodenddate": "2021-12-31",
    "entitytaxidentificationnumber": "45-3838831",
    "entityfilercategory": "Non-accelerated Filer",
    "entitycurrentreportingstatus": "Yes",
    "entityinteractivedatacurrent": "Yes",
    "entityvoluntaryfilers": "No",
    "entitywellknownseasonedissuer": "No",
    "entityshellcompany": "false",
    "entitysmallbusiness": "true",
    "entityemerginggrowthcompany": "false",
    "documentannualreport": "true",
    "documenttransitionreport": "false",
    "entityfilenumber": "000-54868",
    "entityincorporationstatecountrycode": "DE",
    "entityaddressaddressline1": "6269 Caledon Road",
    "entityaddresscityortown": "King George",
    "entityaddressstateorprovince": "VA",
    "entityaddresspostalzipcode": 22485,
    "entityaddressaddressdescription": "Address of Principal Executive Offices",
    "cityareacode": 703,
    "localphonenumber": "789-3344",
    "phonefaxnumberdescription": "Registrant’s Telephone Number",
    "amendmentflag": "false",
    "documentfiscalyearfocus": 2021,
    "documentfiscalperiodfocus": "FY",
    "auditorname": "Yusufali &amp; Associates, LLC",
    "auditorlocation": "Short Hills, New Jersey",
    "auditorfirmid": 3313,
    "cashandcashequivalentsatcarryingvalue": 10212,
    "accountsreceivablenetcurrent": 104721,
    "roundingoffdecimalerror": -2,
    "inventorynet": 2525484,
    "assetscurrent": 2640414,
    "landimprovements": 1712413,
    "accumulateddepreciationfixedassets": 195029,
    "landandlandimprovements": 1517384,
    "deliverytrucksatcost": 3500,
    "accumulateddepreciationinotherassets": -3500,
    "furnitureandfixturesgross": 10697,
    "propertyplantandequipmentother": 35000,
    "accumulateddepreciationoffurnitureandequipment": -17080,
    "otherassets": 28617,
    "assets": 4186415,
    "accountspayablecurrent": 23709,
    "notespayablecurrent": 958755,
    "notespayablerelatedpartiescurrentandnoncurrent": 1989,
    "liabilitiescurrent": 984453,
    "securedlongtermdebt": 335801,
    "loanspayable": 41675,
    "longtermloanspayable": 146300,
    "paypaladvance": 48236,
    "lineofcreditfacilityfairvalueofamountoutstanding": 860559,
    "liabilitiesnoncurrent": 1432570,
    "liabilities": 2417023,
    "temporaryequitycarryingamountattributabletoparent": 330000,
    "preferredstockvalue": 1,
    "commonstockvalue": 2620,
    "additionalpaidincapital": 131033,
    "incomefortheperiodjanuarydecember302020": 543898,
    "retainedearningsaccumulateddeficit": 290905,
    "stockholdersequityincludingportionattributabletononcontrollinginterest": 968457,
    "liabilitiesandstockholdersequity": 4186415,
    "redeemablepreferredstocksharesauthorized": 500000,
    "redeemablepreferredstocksharesissued": 330000,
    "redeemablepreferredstocksharesoutstanding": 330000,
    "preferredstockparorstatedvaluepershare": 0.0001,
    "preferredstocksharesauthorized": 20000000,
    "preferredstocksharesissued": 10000,
    "commonstockparorstatedvaluepershare": 0.0001,
    "commonstocksharesauthorized": 100000000,
    "commonstocksharesissued": 26221000,
    "commonstocksharesoutstanding": 26221000,
    "revenuefromcontractwithcustomerincludingassessedtax": 745675,
    "revenues": 745675,
    "costofgoodsandservicessold": 349892,
    "grossprofit": 395783,
    "generalandadministrativeexpense": 516980,
    "operatingexpenses": 516980,
    "operatingincomeloss": -121197,
    "othernonoperatingincomeexpense": -26562,
    "increaseinvalueofinventory": -691657,
    "netincomeloss": 543898,
    "earningspersharebasicanddiluted": 0.02,
    "weightedaveragenumberofshareoutstandingbasicanddiluted": 26221000,
    "sharesoutstanding": 26221000,
    "additionalsubscriptionshares": -25500,
    "profitloss": 517043,
    "depreciation": 52434,
    "increasedecreaseinaccountspayabletrade": 13880,
    "increasedecreaseinaccountsreceivable": -97949,
    "increasedecreaseininventories": 746660,
    "netcashprovidedbyusedinoperatingactivitiescontinuingoperations": -38500,
    "paymentagainstimprovementinprogress": -1255,
    "netcashprovidedbyusedininvestingactivities": -1255,
    "proceedsfromnotespayablerelatedparties": 300,
    "proceedsfromrepaymentsofrelatedpartydebt": -25500,
    "proceedsfromnotespayable": 18755,
    "proceedsfromrepaymentsoflinesofcredit": -13699,
    "proceedsfrompaypaladvance": -14707,
    "proceedsfromloans": 13875,
    "repaymentsofbankdebt": 12572,
    "netcashprovidedbyusedinfinancingactivitiescontinuingoperations": -33549,
    "cashcashequivalentsrestrictedcashandrestrictedcashequivalentsperiodincreasedecreaseexcludingexchangerateeffect": -73304,
    "operatinglosscarryforwards": 543898,
    "effectiveincometaxratereconciliationatfederalstatutoryincometaxrate": 0.34,
    "incomelossfromcontinuingoperationsbeforeincometaxesextraordinaryitemsnoncontrollinginterest": 543898,
    "currentincometaxexpensebenefit": 184925,
    "valuationallowancedeferredtaxassetchangeinamount": 184925,
    "propertyplantandequipmentgross": 1712413,
    "accumulateddepreciationdepletionandamortizationpropertyplantandequipment": 215609,
    "propertyplantandequipmentnet": 1535304,
    "depreciationexpenseonpropertyplantandequipment": 52434,
    "preferredstocksharesoutstanding": 10000
  },
  {
    "date": "2020-12-30",
    "symbol": "FFLO",
    "period": "FY",
    "entitycentralindexkey": 1543652,
    "currentfiscalyearenddate": "--12-31",
    "entityregistrantname": "Free Flow, Inc.",
    "documenttype": "10-K",
    "documentperiodenddate": "2020-12-31",
    "entitytaxidentificationnumber": "45-3838831",
    "entityfilercategory": "Non-accelerated Filer",
    "entitycurrentreportingstatus": "Yes",
    "entityinteractivedatacurrent": "Yes",
    "entityvoluntaryfilers": "No",
    "entitywellknownseasonedissuer": "No",
    "entityshellcompany": "false",
    "entitysmallbusiness": "true",
    "entityemerginggrowthcompany": "false",
    "documentannualreport": "true",
    "documenttransitionreport": "false",
    "entityfilenumber": "000-54868",
    "entityincorporationstatecountrycode": "DE",
    "entityaddressaddressline1": "6269 Caledon Road",
    "entityaddresscityortown": "King George",
    "entityaddressstateorprovince": "VA",
    "entityaddresspostalzipcode": 22485,
    "entityaddressaddressdescription": "Address of Principal Executive Offices",
    "cityareacode": 703,
    "localphonenumber": "789-3344",
    "phonefaxnumberdescription": "Registrant’s Telephone Number",
    "amendmentflag": "false",
    "documentfiscalyearfocus": 2020,
    "documentfiscalperiodfocus": "FY",
    "cashandcashequivalentsatcarryingvalue": 83516,
    "accountsreceivablenetcurrent": 202669,
    "roundingoffdecimalerror": -2,
    "inventorynet": 1778824,
    "assetscurrent": 2065008,
    "landimprovements": 1712413,
    "accumulateddepreciationfixedassets": 144813,
    "landandlandimprovements": 1567600,
    "deliverytrucksatcost": 3500,
    "accumulateddepreciationinotherassets": -3298,
    "furnitureandfixturesgross": 9441,
    "propertyplantandequipmentother": 35000,
    "accumulateddepreciationoffurnitureandequipment": -15064,
    "otherassets": 29578,
    "assets": 3662186,
    "accountspayablecurrent": 9829,
    "notespayablecurrent": 940000,
    "notespayablerelatedpartiescurrentandnoncurrent": 1689,
    "liabilitiescurrent": 951518,
    "securedlongtermdebt": 349500,
    "loanspayable": 27800,
    "longtermloanspayable": 146300,
    "paypaladvance": 62943,
    "lineofcreditfacilityfairvalueofamountoutstanding": 873131,
    "liabilitiesnoncurrent": 1459675,
    "liabilities": 2411192,
    "temporaryequitycarryingamountattributabletoparent": 330000,
    "preferredstockvalue": 1,
    "commonstockvalue": 2620,
    "additionalpaidincapital": 131033,
    "commonstocksharessubscriptions": 25500,
    "incomefortheperiodjanuarydecember302020": 850610,
    "retainedearningsaccumulateddeficit": -559705,
    "stockholdersequityincludingportionattributabletononcontrollinginterest": -57688,
    "liabilitiesandstockholdersequity": 3662186,
    "redeemablepreferredstocksharesauthorized": 500000,
    "redeemablepreferredstocksharesissued": 330000,
    "redeemablepreferredstocksharesoutstanding": 330000,
    "preferredstockparorstatedvaluepershare": 0.0001,
    "preferredstocksharesauthorized": 20000000,
    "preferredstocksharesissued": 10000,
    "commonstockparorstatedvaluepershare": 0.0001,
    "commonstocksharesauthorized": 100000000,
    "commonstocksharesissued": 26221000,
    "commonstocksharesoutstanding": 26221000,
    "revenuefromcontractwithcustomerincludingassessedtax": 411694,
    "revenues": 411694,
    "costofgoodsandservicessold": 173177,
    "grossprofit": 238517,
    "generalandadministrativeexpense": 393254,
    "operatingexpenses": 393254,
    "operatingincomeloss": -154737,
    "othernonoperatingincomeexpense": 1005347,
    "netincomeloss": 850610,
    "earningspersharebasicanddiluted": 0.03,
    "weightedaveragenumberofshareoutstandingbasicanddiluted": 26221000,
    "sharesoutstanding": 26221000,
    "additionalsubscription": 2.1,
    "additionalsubscriptionshares": 21000,
    "profitloss": 850610,
    "propertyplantandequipmentgrossperiodincreasedecrease": -935708,
    "increasedecreaseinothercurrentassets": 65091,
    "increasedecreaseinaccountspayabletrade": -10513,
    "increasedecreaseinotheroperatingassets": -9341,
    "increasedecreaseinaccountsreceivable": 95579,
    "increasedecreaseininventories": -1002236,
    "netcashprovidedbyusedinoperatingactivitiescontinuingoperations": -1137676,
    "proceedsfromrelatedpartydebt": 25500,
    "proceedsfromnotespayable": 940000,
    "proceedsfromlinesofcredit": 38488,
    "proceedsfrompaypaladvance": 52087,
    "proceedsfromloans": 27800,
    "decreaseinloanfrombankprincipal": 146300,
    "proceedsfrombankdebt": 16209,
    "netcashprovidedbyusedinfinancingactivitiescontinuingoperations": 1213966,
    "cashandcashequivalentsperiodincreasedecrease": 76290,
    "operatinglosscarryforwards": 860610,
    "effectiveincometaxratereconciliationatfederalstatutoryincometaxrate": 0.34,
    "incomelossfromcontinuingoperationsbeforeincometaxesextraordinaryitemsnoncontrollinginterest": 850610,
    "currentincometaxexpensebenefit": 289207,
    "valuationallowancedeferredtaxassetchangeinamount": 41415,
    "propertyplantandequipmentgross": 1712413,
    "accumulateddepreciationdepletionandamortizationpropertyplantandequipment": 163175,
    "propertyplantandequipmentnet": 1587738,
    "depreciationexpenseonpropertyplantandequipment": 59018,
    "preferredstocksharesoutstanding": 10000
  },
  {
    "date": "2019-12-30",
    "symbol": "FFLO",
    "period": "FY",
    "entityregistrantname": "Free Flow, Inc.",
    "entitycentralindexkey": 1543652,
    "documenttype": "10-K",
    "amendmentflag": "false",
    "entityvoluntaryfilers": "No",
    "currentfiscalyearenddate": "--12-31",
    "entitywellknownseasonedissuer": "No",
    "entitysmallbusiness": "true",
    "entityshellcompany": "false",
    "entityemerginggrowthcompany": "false",
    "entitycurrentreportingstatus": "Yes",
    "documentperiodenddate": "2019-12-31",
    "entityfilercategory": "Non-accelerated Filer",
    "documentfiscalperiodfocus": "FY",
    "documentfiscalyearfocus": 2019,
    "entityfilenumber": "000-54868",
    "entityaddressaddressline1": "6269 Caledon Road",
    "entityaddressaddressline2": "KING GEORGE",
    "entityaddresspostalzipcode": 22485,
    "entitytaxidentificationnumber": 453838831,
    "entityaddresscityortown": "VA",
    "localphonenumber": "789-3344",
    "cityareacode": 703,
    "entityaddressstateorprovince": "DELAWARE",
    "cashandcashequivalentsatcarryingvalue": 7226,
    "accountsreceivablenetcurrent": 107091,
    "roundingoffthedecimalserror": -2,
    "intercompanyforeigncurrencybalanceamount": 6073,
    "inventorynet": 776588,
    "assetscurrent": 896976,
    "landimprovements": 776704,
    "lessaccumulateddepreciatoninfixedassets": -90230,
    "landandlandimprovements": 686474,
    "deliveryturcksatcost": 3500,
    "accumulateddepreciatoninotherassets": -2895,
    "furnitureandfixturesgross": 100,
    "capitalizedcostsaccumulateddepreciationdepletionamortizationandvaluationallowanceforrelatingtooilandgasproducingactivities": 35000,
    "accumulateddepreciatoninotherassetsnet": -11032,
    "assetsnoncurrent": 24673,
    "assets": 1608123,
    "accountspayablecurrent": 11687,
    "notespayablerelatedpartiesclassifiedcurrent": 10343,
    "liabilitiescurrent": 22030,
    "lineofcreditfacilityfairvalueofamountoutstanding": 311012,
    "paypaladvance": 10857,
    "securedlongtermdebt": 889340,
    "liabilitiesnoncurrent": 1211209,
    "liabilities": 1233239,
    "commonstockvalue": 2620,
    "additionalpaidincapitalcommonstock": 131033,
    "retainedearningsaccumulateddeficit": -559705,
    "stockholdersequityincludingportionattributabletononcontrollinginterest": -426051,
    "liabilitiesandstockholdersequity": 1608123,
    "temporaryequitycarryingamountattributabletoparent": 470935,
    "preferredstockvalue": 1,
    "revolvinglineofcredit": 350000,
    "commonstockparorstatedvaluepershare": 0.0001,
    "commonstocksharesauthorized": 100000000,
    "commonstocksharesissued": 26221000,
    "commonstocksharesoutstanding": 26221000,
    "redeemablepreferredstocksharesauthorized": 500000,
    "redeemablepreferredstocksharesissued": 470935,
    "redeemablepreferredstocksharesoutstanding": 470935,
    "salescommissionsandfees": 420538,
    "revenues": 420538,
    "costofgoodsandservicessold": 111745,
    "grossprofit": 308793,
    "generalandadministrativeexpense": 430604,
    "nonoperatingincomeexpense": 430604,
    "incomelossfromcontinuingoperationsincludingportionattributabletononcontrollinginterest": -121810,
    "netincomeloss": -121810,
    "earningspersharebasicanddiluted": -0.01,
    "weightedaveragenumberofsharesoutstandingbasic": 26200000,
    "sharesissued": 10000,
    "stockholdersequity": -437245,
    "profitshares": 21000,
    "profitloss": 19967,
    "cashflowfromoperatingactivities": -121909,
    "increasedecreaseinothernoncurrentassets": 59473,
    "increasedecreaseinaccountspayabletrade": 4219,
    "increasedecreaseadvanceforinventorypurchase": 18963,
    "increasedecreaseinaccountsreceivable": 104868,
    "increasedecreaseininventories": 205328,
    "netcashprovidedbyusedinoperatingactivitiescontinuingoperations": 349450,
    "proceedsfromrelatedpartydebt": 9963,
    "proceedsfromlinesofcredit": 311012,
    "proceedsformpaypaladvance": 10857,
    "proceedsformloanfromrivervalleybank": -10760,
    "proceedsfromsubscriptionmoney": 16487,
    "roundingoffthedecimalserrors": 2,
    "netcashprovidedbyusedinfinancingactivitiescontinuingoperations": 337561,
    "cashandcashequivalentsperiodincreasedecrease": -11889,
    "cashatbeginningperiod": 19115,
    "cashatendperiod": 7226,
    "entityincorporationdateofincorporation": "2011-10-28",
    "stateofincorporation": "Delaware",
    "propertyplantandequipmentdepreciationmethods": "Straight-line method",
    "propertyplantandequipmentestimatedusefullives": "5 years",
    "deferredtaxassetsoperatinglosscarryforwards": 559606,
    "deferredtaxassetsvaluationallowance": 559606,
    "incomelossfromcontinuingoperationsbeforeincometaxesextraordinaryitemsnoncontrollinginterest": -121810,
    "effectiveincometaxratereconciliationatfederalstatutoryincometaxrate": 0.34,
    "currentincometaxexpensebenefit": 41415,
    "valuationallowancedeferredtaxassetchangeinamount": 41415,
    "operatinglosscarryforwards": 559606,
    "operatinglosscarryforwardsexpirationperiod": "P20Y",
    "propertyplantandequipmentgross": 35000,
    "accumulateddepreciationdepletionandamortizationpropertyplantandequipment": 104157,
    "propertyplantandequipmentnet": 711047,
    "depreciation": 59473,
    "preferredstocksharesauthorized": 10000,
    "preferredstockparorstatedvaluepershare": 0.0001,
    "descriptionofdesignatedshares": "Each share of \"Preferred Share - Series A\" carries voting rights equal to ten thousand (10,000) votes.",
    "preferredstockvotingrights": "voting right equal to one hundred million (100,000,000) common shares of the Corporation.",
    "preferredstocksharesissued": 10000,
    "preferredstocksharesoutstanding": 10000
  }
]