[
  {
    "date": "2024-03-30",
    "symbol": "PETS",
    "period": "FY",
    "documenttype": "10-K",
    "documentannualreport": "true",
    "currentfiscalyearenddate": "--03-31",
    "documentperiodenddate": "2024-03-31",
    "documenttransitionreport": "false",
    "entityfilenumber": "000-28827",
    "entityregistrantname": "PETMED EXPRESS, INC.",
    "entityincorporationstatecountrycode": "FL",
    "entitytaxidentificationnumber": "65-0680967",
    "entityaddressaddressline1": "420 South Congress Avenue",
    "entityaddresscityortown": "Delray Beach",
    "entityaddressstateorprovince": "FL",
    "entityaddresspostalzipcode": 33445,
    "cityareacode": 561,
    "localphonenumber": "526-4444",
    "security12btitle": "Common Stock, PETS $.001 Par value per share",
    "tradingsymbol": "PETS",
    "securityexchangename": "NASDAQ",
    "entitywellknownseasonedissuer": "No",
    "entityvoluntaryfilers": "No",
    "entitycurrentreportingstatus": "Yes",
    "entityinteractivedatacurrent": "Yes",
    "entityfilercategory": "Accelerated Filer",
    "entitysmallbusiness": "false",
    "entityemerginggrowthcompany": "false",
    "icfrauditorattestationflag": "true",
    "documentfinstmterrorcorrectionflag": "false",
    "entityshellcompany": "false",
    "entitycentralindexkey": 1040130,
    "amendmentflag": "false",
    "documentfiscalyearfocus": 2024,
    "documentfiscalperiodfocus": "FY",
    "auditorfirmid": 49,
    "auditorname": "RSM US LLP",
    "auditorlocation": "Fort Lauderdale, Florida",
    "cashandcashequivalentsatcarryingvalue": 55296000,
    "accountsreceivablenetcurrent": 3283000,
    "inventoryfinishedgoods": 28556000,
    "prepaidexpenseandotherassetscurrent": 6325000,
    "prepaidtaxes": 188000,
    "assetscurrent": 93648000,
    "propertyplantandequipmentnet": 26657000,
    "intangibleandothernoncurrentassetsnetexcludinggoodwill": 16503000,
    "goodwill": 26658000,
    "operatingleaserightofuseasset": 1432000,
    "deferredincometaxassetsnet": 4986000,
    "assetsnoncurrent": 76236000,
    "assets": 169884000,
    "accountspayablecurrent": 37024000,
    "salesandexcisetaxpayablecurrent": 25012000,
    "accruedexpensesandothercurrentliabilities": 7060000,
    "operatingleaseliabilitycurrent": 459000,
    "contractwithcustomerliabilitycurrent": 2603000,
    "liabilitiescurrent": 72158000,
    "operatingleaseliabilitynoncurrent": 995000,
    "liabilities": 73153000,
    "preferredstockvalue": 9000,
    "commonstockvalue": 21000,
    "additionalpaidincapital": 25146000,
    "retainedearningsaccumulateddeficit": 71555000,
    "stockholdersequity": 96731000,
    "liabilitiesandstockholdersequity": 169884000,
    "allowancefordoubtfulaccountsreceivablecurrent": 273000,
    "preferredstockparorstatedvaluepershare": 0.001,
    "preferredstocksharesauthorized": 5000000,
    "preferredstocksharesissued": 3000,
    "preferredstocksharesoutstanding": 3000,
    "preferredstockliquidationpreference": 4,
    "commonstockparorstatedvaluepershare": 0.001,
    "commonstocksharesauthorized": 40000000,
    "commonstocksharesissued": 21149000,
    "commonstocksharesoutstanding": 21149000,
    "revenuefromcontractwithcustomerincludingassessedtax": 281064000,
    "costofgoodsandservicessold": 202416000,
    "grossprofit": 78648000,
    "generalandadministrativeexpense": 55246000,
    "advertisingexpense": 24508000,
    "depreciationdepletionandamortization": 7056000,
    "operatingexpenses": 86810000,
    "operatingincomeloss": -8162000,
    "interestrevenueexpensenet": 511000,
    "othernonoperatingincomeexpense": 1378000,
    "nonoperatingincomeexpense": 1889000,
    "incomelossfromcontinuingoperationsbeforeincometaxesextraordinaryitemsnoncontrollinginterest": -6273000,
    "incometaxexpensebenefit": 1191000,
    "netincomeloss": -7464000,
    "earningspersharebasic": -0.37,
    "earningspersharediluted": -0.37,
    "weightedaveragenumberofsharesoutstandingbasic": 20395959,
    "weightedaveragenumberofdilutedsharesoutstanding": 20395959,
    "commonstockdividendspersharedeclared": 0.6,
    "sharesoutstanding": 3000,
    "stockissuedduringperiodsharesrestrictedstockawardnetofforfeitures": 64000,
    "adjustmentstoadditionalpaidincapitalsharebasedcompensationrequisiteserviceperiodrecognitionvalue": 6869000,
    "dividendscommonstock": 12640000,
    "sharebasedcompensation": 6869000,
    "deferredincometaxexpensebenefit": 292000,
    "provisionfordoubtfulaccounts": 324000,
    "increasedecreaseinaccountsreceivable": 1742000,
    "increasedecreaseinfinishedgoodsandworkinprocessinventories": 6417000,
    "increasedecreaseinprepaidtaxes": -675000,
    "increasedecreaseinprepaiddeferredexpenseandotherassets": 185000,
    "increasedecreaseinoperatingleaserightofuseasset": -788000,
    "increasedecreaseinaccountspayable": 6102000,
    "increasedecreaseinpropertyandothertaxespayable": -1101000,
    "increasedecreaseinaccruedliabilitiesandotheroperatingliabilities": 276000,
    "increasedecreaseinoperatingleaseliability": -766000,
    "increasedecreaseincontractwithcustomerliability": -390000,
    "netcashprovidedbyusedinoperatingactivities": 4317000,
    "paymentstoacquireinterestinsubsidiariesandaffiliates": 300000,
    "paymentstoacquirebusinessesnetofcashacquired": 35859000,
    "paymentstoacquirepropertyplantandequipment": 4511000,
    "netcashprovidedbyusedininvestingactivities": -40670000,
    "paymentsofdividendscommonstock": 12437000,
    "netcashprovidedbyusedinfinancingactivities": -12437000,
    "cashcashequivalentsrestrictedcashandrestrictedcashequivalentsperiodincreasedecreaseincludingexchangerateeffect": -48790000,
    "cashcashequivalentsrestrictedcashandrestrictedcashequivalentsincludingdisposalgroupanddiscontinuedoperations": 55296000,
    "incometaxespaidnet": 130000,
    "liabilitiesassumed1": 1466000,
    "otherassetspolicytextblock": "<div style=\"margin-top:12pt;padding-left:36pt;text-align:justify\"><span style=\"color:#000000;font-family:'Times New Roman',sans-serif;font-size:10pt;font-weight:700;line-height:120%\">Other Assets</span></div>Other assets consist of the initial minority interest investment in Vetster.",
    "inventoryvaluationreserves": 72000,
    "propertyplantandequipmentusefullife": "P3Y",
    "numberofreportingunits": 1,
    "shareprice": 4.79,
    "reportingunitpercentageoffairvalueinexcessofcarryingamount": 0.27,
    "reportingunitmeasurementinput": 0.7,
    "finitelivedintangibleassetusefullife": "P3Y",
    "percentageofpropertyleasedtotenants": 0.48,
    "areaofrealestateproperty": 88000,
    "numberoftenants": 2,
    "lessoroperatingleaseremainingweightedaverageleaseterm": "P1Y",
    "rentalincomenonoperating": 1200000,
    "lessoroperatingleasepaymentstobereceivednexttwelvemonths": 617000,
    "lessoroperatingleasepaymentstobereceivedtwoyears": 112000,
    "concentrationriskpercentage1": 0.78,
    "revenuefromcontractwithcustomernumberofperformanceobligations": 1,
    "revenuefromcontractwithcustomernumberofmembershipmodels": 2,
    "contractwithcustomerrenewalperiod": "P1Y",
    "contractwithcustomerrevenuerecognitionperiod": "P1Y",
    "contractwithcustomerliabilityrevenuerecognized": 7000000,
    "revenuefromcontractwithcustomernumberofsalescategories": 2,
    "contractwithcustomerliabilityincreasedecreaseforcontractacquiredinbusinesscombination": 3000000,
    "contractwithcustomerliabilityincreasefordeferredfeesreceived": 6600000,
    "revenuefromcontractwithcustomerpercentage": 0.879,
    "revenuefromcontractwithcustomervariance": 14597000,
    "revenuefromcontractwithcustomervariancepercentage": 0.063,
    "businesscombinationacquisitionrelatedcosts": 1200000,
    "propertyplantandequipmentgross": 14999000,
    "accumulateddepreciationdepletionandamortizationpropertyplantandequipment": 20128000,
    "depreciation": 5100000,
    "accruedcreditcardfeescurrent": 397000,
    "accruedemployeebenefitscurrent": 1530000,
    "accruedmerchandisecreditsandrewardscurrent": 1849000,
    "accruedprofessionalfeescurrent": 222000,
    "accruedsalesreturnsandallowancescurrent": 318000,
    "dividendspayablecurrent": 1466000,
    "accrualfortaxesotherthanincometaxescurrentandnoncurrent": 142000,
    "otheraccruedliabilitiescurrent": 1136000,
    "indefinitelivedintangibleassetsexcludinggoodwill": 375000,
    "finitelivedintangibleassetsgross": 6700000,
    "intangibleassetsgrossexcludinggoodwill": 13160000,
    "finitelivedintangibleassetsaccumulatedamortization": 957000,
    "finitelivedintangibleassetsnet": 5743000,
    "intangibleassetsnetexcludinggoodwill": 11203000,
    "acquiredfinitelivedintangibleassetsweightedaverageusefullife": "P6Y3M",
    "investments": 5300000,
    "equitymethodinvestments": 5300000,
    "intangibleandotherassetsgross": 18460000,
    "intangibleandotherassets": 16503000,
    "amortizationofintangibleassets": 2000000,
    "finitelivedintangibleassetsamortizationexpensenexttwelvemonths": 1957000,
    "finitelivedintangibleassetsamortizationexpenseyeartwo": 1957000,
    "finitelivedintangibleassetsamortizationexpenseyearthree": 957000,
    "finitelivedintangibleassetsamortizationexpenseyearfour": 957000,
    "finitelivedintangibleassetsamortizationexpenseyearfive": 957000,
    "finitelivedintangibleassetsamortizationexpenseafteryearfive": 957000,
    "relatedpartytransactionrate": 0.1,
    "relatedpartytransactionamountsoftransaction": 153000,
    "lesseeoperatingleasetermofcontract": "P5Y",
    "lesseeoperatingleaserenewalterm": "P1Y",
    "operatingleaseweightedaverageremainingleaseterm1": "P3Y",
    "lesseeoperatingleasediscountrate": 0.036,
    "operatingleasecost": 853000,
    "variableleasecost": 65000,
    "leasecost": 918000,
    "operatingleasepayments": 832000,
    "rightofuseassetobtainedinexchangeforoperatingleaseliability": 2220000,
    "lesseeoperatingleaseliabilitypaymentsduenexttwelvemonths": 501000,
    "lesseeoperatingleaseliabilitypaymentsdueyeartwo": 488000,
    "lesseeoperatingleaseliabilitypaymentsdueyearthree": 502000,
    "lesseeoperatingleaseliabilitypaymentsdueyearfour": 42000,
    "lesseeoperatingleaseliabilitypaymentsdue": 1533000,
    "lesseeoperatingleaseliabilityundiscountedexcessamount": 79000,
    "operatingleaseliability": 1454000,
    "deferredtaxassetstaxdeferredexpensereservesandaccrualsaccruedliabilities": 5126000,
    "deferredtaxassetstaxdeferredexpenseother": 225000,
    "deferredtaxassetstaxdeferredexpensecompensationandbenefitsemployeecompensation": 680000,
    "deferredtaxassetsdeferredincome": 31000,
    "deferredtaxassetstaxdeferredexpensereservesandaccruals": 440000,
    "deferredtaxassetsdeferredexpensecapitalizedresearchanddevelopmentcosts": 317000,
    "deferredtaxassetsleaseliabilities": 376000,
    "deferredtaxassetsoperatinglosscarryforwards": 3001000,
    "deferredtaxassetsgross": 10195000,
    "deferredtaxliabilitieschangeinaccountingmethod": 541000,
    "deferredtaxliabilitiesgoodwillandintangibleassetsintangibleassets": 2627000,
    "deferredtaxliabilitiespropertyplantandequipment": 1041000,
    "deferredtaxliabilitiesleasingarrangements": 376000,
    "deferredincometaxliabilitiesnet": 4585000,
    "deferredtaxassetsvaluationallowance": 624000,
    "deferredtaxassetsliabilitiesnet": 4986000,
    "operatinglosscarryforwards": 11300000,
    "incometaxreconciliationnondeductibleexpensesharebasedcompensationcost": 1771000,
    "effectiveincometaxratereconciliationdeferredtaxassetadjustment": 1000000,
    "effectiveincometaxratereconciliationcompensationofcoveredpeoplelimitdeductionamount": 1000000,
    "effectiveincometaxratereconciliationsharebasedcompensationexcesstaxbenefitamount": 281000,
    "operatinglosscarryforwardssubjecttolimitations": 85454000,
    "operatinglosscarryforwardsnotsubjecttolimitations": 10501000,
    "disallowedbusinessinterestexpensecarryover": 1855000,
    "currentfederaltaxexpensebenefit": 490000,
    "currentstateandlocaltaxexpensebenefit": 408000,
    "currentincometaxexpensebenefit": 898000,
    "deferredfederalincometaxexpensebenefit": 412000,
    "deferredstateandlocalincometaxexpensebenefit": -119000,
    "deferredincometaxesandtaxcredits": 293000,
    "incometaxreconciliationincometaxexpensebenefitatfederalstatutoryincometaxrate": -1317000,
    "incometaxreconciliationstateandlocalincometaxes": 304000,
    "incometaxreconciliationnondeductibleexpenseother": 105000,
    "incometaxreconciliationprioryearincometaxes": 47000,
    "effectiveincometaxratereconciliationatfederalstatutoryincometaxrate": 0.21,
    "effectiveincometaxratereconciliationstateandlocalincometaxes": -0.049,
    "effectiveincometaxratereconciliationnondeductibleexpensesharebasedcompensationcost": -0.282,
    "effectiveincometaxratereconciliationpermanentdifferencespercent": -0.017,
    "effectiveincometaxratereconciliationsharebasedcompensationexcesstaxbenefitpercent": -0.045,
    "effectiveincometaxratereconciliationprioryearincometaxes": -0.008,
    "effectiveincometaxratecontinuingoperations": -0.19,
    "commonstockcapitalsharesreservedforfutureissuance": 957260,
    "restrictionperiod": "P1Y",
    "sharebasedcompensationarrangementbysharebasedpaymentawardequityinstrumentsotherthanoptionsgrantsinperiod": 12400,
    "sharebasedcompensationarrangementbysharebasedpaymentawardawardvestingperiod1": "P1Y",
    "sharebasedcompensationarrangementbysharebasedpaymentawardequityinstrumentsotherthanoptionsnonvestednumber": 605343,
    "sharebasedcompensationarrangementbysharebasedpaymentawardequityinstrumentsotherthanoptionsgrantsinperiodweightedaveragegrantdatefairvalue": 14.75,
    "sharebasedcompensationarrangementbysharebasedpaymentawardequityinstrumentsotherthanoptionsvestedinperiodtotalfairvalue": 1400000,
    "employeeservicesharebasedcompensationnonvestedawardstotalcompensationcostnotyetrecognized": 3200000,
    "employeeservicesharebasedcompensationnonvestedawardstotalcompensationcostnotyetrecognizedperiodforrecognition1": "P7M",
    "sharebasedcompensationarrangementbysharebasedpaymentawardawardvestingrightspercentage": 2,
    "sharebasedcompensationarrangementbysharebasedpaymentawardequityinstrumentsotherthanoptionsgrantedtotalgrantdatefairvalue": 1100000,
    "allocatedsharebasedcompensationexpense": 300000,
    "sharebasedcompensationarrangementbysharebasedpaymentawardequityinstrumentsotherthanoptionsforfeitedinperiod": 14914,
    "sharebasedcompensationarrangementbysharebasedpaymentawardequityinstrumentsotherthanoptionsvestedinperiod": 76343,
    "sharebasedcompensationarrangementbysharebasedpaymentawardnonoptionequityinstrumentsoutstandingnumber": 85080,
    "sharebasedcompensationarrangementbysharebasedpaymentawardequityinstrumentsotherthanoptionsoutstandingweightedaveragegrantdatefairvalue": 12.75,
    "sharebasedcompensationarrangementbysharebasedpaymentawardequityinstrumentsotherthanoptionsforfeituresweightedaveragegrantdatefairvalue": 13.35,
    "antidilutivesecuritiesexcludedfromcomputationofearningspershareamount": 827863,
    "accruedseverancecosts": 182000,
    "deferredcompensationarrangementwithindividualrequisiteserviceperiod1": "P90D",
    "definedcontributionplanwithindividualage": "P21Y",
    "definedcontributionplanemployermatchingcontributionpercentofmatch": 1,
    "definedcontributionplanemployermatchingcontributionpercent": 0.04,
    "definedcontributionplanmaximumannualcontributionsperemployeeamount": 350000,
    "insidertrdpoliciesprocadoptedflag": "true"
  },
  {
    "date": "2023-03-30",
    "symbol": "PETS",
    "period": "FY",
    "documenttype": "10-K",
    "documentannualreport": "true",
    "currentfiscalyearenddate": "--03-31",
    "documentperiodenddate": "2023-03-31",
    "documenttransitionreport": "false",
    "entityfilenumber": "000-28827",
    "entityregistrantname": "PETMED EXPRESS, INC.",
    "entityincorporationstatecountrycode": "FL",
    "entitytaxidentificationnumber": "65-0680967",
    "entityaddressaddressline1": "420 South Congress Avenue",
    "entityaddresscityortown": "Delray Beach",
    "entityaddressstateorprovince": "FL",
    "entityaddresspostalzipcode": 33445,
    "cityareacode": 561,
    "localphonenumber": "526-4444",
    "security12btitle": "Common Stock, PETS $.001 Par value per share",
    "tradingsymbol": "PETS",
    "securityexchangename": "NASDAQ",
    "entitywellknownseasonedissuer": "No",
    "entityvoluntaryfilers": "No",
    "entitycurrentreportingstatus": "Yes",
    "entityinteractivedatacurrent": "Yes",
    "entityfilercategory": "Accelerated Filer",
    "entitysmallbusiness": "false",
    "entityemerginggrowthcompany": "false",
    "icfrauditorattestationflag": "true",
    "entityshellcompany": "false",
    "entitycentralindexkey": 1040130,
    "amendmentflag": "false",
    "documentfiscalyearfocus": 2023,
    "documentfiscalperiodfocus": "FY",
    "auditorfirmid": 49,
    "auditorname": "RSM US LLP",
    "auditorlocation": "Fort Lauderdale, Florida",
    "cashandcashequivalentsatcarryingvalue": 104086000,
    "accountsreceivablenetcurrent": 1740000,
    "inventoryfinishedgoods": 19023000,
    "prepaidexpenseandotherassetscurrent": 4719000,
    "prepaidtaxes": 1883000,
    "assetscurrent": 131451000,
    "propertyplantandequipmentnet": 26178000,
    "intangibleassetsnetexcludinggoodwill": 5860000,
    "deferredincometaxassetsnet": 628000,
    "assetsnoncurrent": 32666000,
    "assets": 164117000,
    "accountspayablecurrent": 25208000,
    "accruedexpensesandothercurrentliabilities": 11289000,
    "liabilitiescurrent": 36497000,
    "otherliabilitiesnoncurrent": 3825000,
    "liabilities": 40322000,
    "preferredstockvalue": 9000,
    "commonstockvalue": 21000,
    "additionalpaidincapital": 18277000,
    "retainedearningsaccumulateddeficit": 105488000,
    "stockholdersequity": 123795000,
    "liabilitiesandstockholdersequity": 164117000,
    "allowancefordoubtfulaccountsreceivablecurrent": 35000,
    "preferredstockparorstatedvaluepershare": 0.001,
    "preferredstocksharesauthorized": 5000000,
    "preferredstocksharesissued": 3000,
    "preferredstocksharesoutstanding": 3000,
    "preferredstockliquidationpreference": 4,
    "commonstockparorstatedvaluepershare": 0.001,
    "commonstocksharesauthorized": 40000000,
    "commonstocksharesissued": 21084000,
    "commonstocksharesoutstanding": 21084000,
    "revenuefromcontractwithcustomerincludingassessedtax": 256858000,
    "costofgoodsandservicessold": 185844000,
    "grossprofit": 71014000,
    "generalandadministrativeexpense": 49474000,
    "advertisingexpense": 19424000,
    "depreciation": 3546000,
    "operatingexpenses": 72444000,
    "operatingincomeloss": -1430000,
    "investmentincomeinterest": 2070000,
    "othernonoperatingincomeexpense": 944000,
    "nonoperatingincomeexpense": 3014000,
    "incomelossfromcontinuingoperationsbeforeincometaxesextraordinaryitemsnoncontrollinginterest": 1584000,
    "incometaxexpensebenefit": 1351000,
    "netincomeloss": 233000,
    "earningspersharebasic": 0.01,
    "earningspersharediluted": 0.01,
    "weightedaveragenumberofsharesoutstandingbasic": 20275000,
    "weightedaveragenumberofdilutedsharesoutstanding": 20339000,
    "commonstockdividendspersharedeclared": 1.2,
    "sharesoutstanding": 3000,
    "stockissuedduringperiodsharesrestrictedstockawardnetofforfeitures": 105000,
    "adjustmentstoadditionalpaidincapitalsharebasedcompensationrequisiteserviceperiodrecognitionvalue": 6617000,
    "dividendscommonstock": 25241000,
    "sharebasedcompensation": 6617000,
    "deferredincometaxexpensebenefit": -1564000,
    "provisionfordoubtfulaccounts": 214000,
    "increasedecreaseinaccountsreceivable": 41000,
    "increasedecreaseinfinishedgoodsandworkinprocessinventories": -13432000,
    "increasedecreaseinprepaidtaxes": 1202000,
    "increasedecreaseinprepaiddeferredexpenseandotherassets": -147000,
    "increasedecreaseinaccountspayable": -2292000,
    "increasedecreaseinaccruedliabilitiesandotheroperatingliabilities": 8713000,
    "netcashprovidedbyusedinoperatingactivities": 27803000,
    "paymentstoacquireinterestinsubsidiariesandaffiliates": 5000000,
    "paymentstoacquirepropertyplantandequipment": 5260000,
    "netcashprovidedbyusedininvestingactivities": -10260000,
    "paymentsofdividendscommonstock": 24537000,
    "netcashprovidedbyusedinfinancingactivities": -24537000,
    "cashcashequivalentsrestrictedcashandrestrictedcashequivalentsperiodincreasedecreaseincludingexchangerateeffect": -6994000,
    "cashcashequivalentsrestrictedcashandrestrictedcashequivalentsincludingdisposalgroupanddiscontinuedoperations": 104086000,
    "incometaxespaidnet": 4312000,
    "liabilitiesassumed1": 1262000,
    "inventoryvaluationreserves": 48000,
    "propertyplantandequipmentusefullife": "P3Y",
    "numberoftenants": 2,
    "lessoroperatingleaseremainingweightedaverageleaseterm": "P2Y",
    "rentalincomenonoperating": 710000,
    "lessoroperatingleasepaymentstobereceivednexttwelvemonths": 731000,
    "lessoroperatingleasepaymentstobereceivedtwoyears": 566000,
    "lessoroperatingleasepaymentstobereceivedthreeyears": 110000,
    "concentrationriskpercentage1": 0.69,
    "revenuefromcontractwithcustomerpercentage": 0.906,
    "revenuefromcontractwithcustomervariance": -11872000,
    "revenuefromcontractwithcustomervariancepercentage": -0.049,
    "propertyplantandequipmentgross": 14997000,
    "accumulateddepreciationdepletionandamortizationpropertyplantandequipment": 15231000,
    "salesandexcisetaxpayablecurrent": 5098000,
    "accruedcreditcardfeescurrent": 401000,
    "accruedemployeebenefitscurrent": 1564000,
    "accruedmerchandisecreditsandrewardscurrent": 1660000,
    "accruedprofessionalfeescurrent": 559000,
    "accruedsalesreturnsandallowancescurrent": 221000,
    "dividendspayablecurrent": 1262000,
    "accrualfortaxesotherthanincometaxescurrentandnoncurrent": 118000,
    "otheraccruedliabilitiescurrent": 406000,
    "deferredtaxassetstaxdeferredexpensereservesandaccrualsaccruedliabilities": 1529000,
    "deferredtaxassetstaxdeferredexpensecompensationandbenefitsemployeecompensation": 1605000,
    "deferredtaxassetstaxdeferredexpensereservesandaccruals": 21000,
    "deferredtaxassetsnet": 3155000,
    "deferredtaxliabilitiespropertyplantandequipment": 2527000,
    "deferredtaxassetsliabilitiesnet": 628000,
    "effectiveincometaxratereconciliationsharebasedcompensationexcesstaxbenefitamount": 208000,
    "taxadjustmentssettlementsandunusualprovisions": 382000,
    "currentfederaltaxexpensebenefit": 1831000,
    "currentstateandlocaltaxexpensebenefit": 1084000,
    "currentincometaxexpensebenefit": 2915000,
    "deferredfederalincometaxexpensebenefit": -982000,
    "deferredstateandlocalincometaxexpensebenefit": -582000,
    "deferredincometaxesandtaxcredits": -1564000,
    "incometaxreconciliationincometaxexpensebenefitatfederalstatutoryincometaxrate": 333000,
    "incometaxreconciliationstateandlocalincometaxes": 275000,
    "effectiveincometaxratereconciliationpermanentdifferencesamount": 396000,
    "incometaxreconciliationotherreconcilingitems": 139000,
    "effectiveincometaxratereconciliationatfederalstatutoryincometaxrate": 0.21,
    "effectiveincometaxratereconciliationstateandlocalincometaxes": 0.174,
    "effectiveincometaxratereconciliationpermanentdifferencespercent": 0.25,
    "effectiveincometaxratereconciliationsharebasedcompensationexcesstaxbenefitpercent": 0.131,
    "effectiveincometaxratereconciliationotherreconcilingitemspercent": 0.088,
    "effectiveincometaxratecontinuingoperations": 0.853,
    "stockrepurchaseprogramauthorizedamount1": 110000000,
    "stockrepurchaseprogramremainingauthorizedrepurchaseamount1": 28700000,
    "commonstockcapitalsharesreservedforfutureissuance": 960007,
    "restrictionperiod": "P1Y",
    "sharebasedcompensationarrangementbysharebasedpaymentawardequityinstrumentsotherthanoptionsgrantsinperiod": 88000,
    "sharebasedcompensationarrangementbysharebasedpaymentawardequityinstrumentsotherthanoptionsnonvestednumber": 684000,
    "sharebasedcompensationarrangementbysharebasedpaymentawardequityinstrumentsotherthanoptionsgrantsinperiodweightedaveragegrantdatefairvalue": 21.57,
    "sharebasedcompensationarrangementbysharebasedpaymentawardequityinstrumentsotherthanoptionsvestedinperiodtotalfairvalue": 2400000,
    "employeeservicesharebasedcompensationnonvestedawardstotalcompensationcostnotyetrecognized": 9100000,
    "employeeservicesharebasedcompensationnonvestedawardstotalcompensationcostnotyetrecognizedperiodforrecognition1": "P1Y7M6D",
    "sharebasedcompensationarrangementbysharebasedpaymentawardequityinstrumentsotherthanoptionsvestedinperiod": 88000,
    "sharebasedcompensationarrangementbysharebasedpaymentawardequityinstrumentsotherthanoptionsforfeitedinperiod": 18000,
    "incrementalcommonsharesattributabletosharebasedpaymentarrangements": 54000,
    "incrementalcommonsharesattributabletoconversionofpreferredstock": 10000,
    "antidilutivesecuritiesexcludedfromcomputationofearningspershareamount": 745854,
    "exciseandsalestaxes": 7800000,
    "salesandexcisetaxpayablecurrentandnoncurrent": 4000000,
    "accruedseverancecosts": 182000,
    "deferredcompensationarrangementwithindividualrequisiteserviceperiod1": "P1Y",
    "definedcontributionplanwithindividualage": "P21Y",
    "definedcontributionplanemployermatchingcontributionpercentofmatch": 1,
    "definedcontributionplanemployermatchingcontributionpercent": 0.04,
    "definedcontributionplanmaximumannualcontributionsperemployeeamount": 289000,
    "duetorelatedpartiescurrent": 260000
  },
  {
    "date": "2022-03-30",
    "symbol": "PETS",
    "period": "FY",
    "entitycentralindexkey": 1040130,
    "entityregistrantname": "PETMED EXPRESS INC",
    "amendmentflag": "false",
    "currentfiscalyearenddate": "--03-31",
    "documentfiscalperiodfocus": "FY",
    "documentfiscalyearfocus": 2022,
    "documenttype": "10-K",
    "documentannualreport": "true",
    "documentperiodenddate": "2022-03-31",
    "documenttransitionreport": "false",
    "entityfilenumber": "000-28827",
    "entityincorporationstatecountrycode": "FL",
    "entitytaxidentificationnumber": "65-0680967",
    "entityaddressaddressline1": "420 South Congress Avenue",
    "entityaddresscityortown": "Delray Beach",
    "entityaddressstateorprovince": "FL",
    "entityaddresspostalzipcode": 33445,
    "cityareacode": 561,
    "localphonenumber": "526-4444",
    "security12btitle": "Common Stock, PETS $.001 Par value per share",
    "tradingsymbol": "PETS",
    "securityexchangename": "NASDAQ",
    "entitywellknownseasonedissuer": "No",
    "entityvoluntaryfilers": "No",
    "entitycurrentreportingstatus": "Yes",
    "entityinteractivedatacurrent": "Yes",
    "entityfilercategory": "Accelerated Filer",
    "entitysmallbusiness": "false",
    "entityemerginggrowthcompany": "false",
    "icfrauditorattestationflag": "true",
    "entityshellcompany": "false",
    "auditorname": "RSM US LLP",
    "auditorlocation": "Fort Lauderdale, Florida",
    "auditorfirmid": 49,
    "allowancefordoubtfulaccountsreceivablecurrent": 39000,
    "preferredstockparorstatedvaluepershare": 0.001,
    "preferredstocksharesauthorized": 5000000,
    "preferredstockliquidationpreference": 4,
    "preferredstocksharesissued": 3000,
    "preferredstocksharesoutstanding": 3000,
    "commonstockparorstatedvaluepershare": 0.001,
    "commonstocksharesauthorized": 40000000,
    "commonstocksharesissued": 20979000,
    "commonstocksharesoutstanding": 20979000,
    "inventoryvaluationreserves": 81000,
    "numberofsuppliers": 5,
    "concentrationriskpercentage1": 0.8,
    "effectiveincometaxratereconciliationsharebasedcompensationexcesstaxbenefitamount": 33000,
    "taxadjustmentssettlementsandunusualprovisions": -29000,
    "stockrepurchaseprogramremainingauthorizedrepurchaseamount1": 28700000,
    "dividendspayableamountpershare": 0.3,
    "commonstockcapitalsharesreservedforfutureissuance": 893258,
    "sharebasedcompensation": 4549000,
    "sharebasedcompensationarrangementbysharebasedpaymentawardequityinstrumentsotherthanoptionsnonvestednumber": 702000,
    "stockissuedduringperiodsharesrestrictedstockawardnetofforfeitures": 710000,
    "employeeservicesharebasedcompensationnonvestedawardstotalcompensationcostnotyetrecognized": 13400000,
    "employeeservicesharebasedcompensationnonvestedawardstotalcompensationcostnotyetrecognizedperiodforrecognition1": "P2Y3M18D",
    "antidilutivesecuritiesexcludedfromcomputationofearningspershareamount": 220727,
    "numberoftenants": 2,
    "lessoroperatingleaseremainingweightedaverageleaseterm": "P3Y",
    "rentalincomenonoperating": 689000,
    "lessoroperatingleasepaymentstobereceivedtwoyears": 710000,
    "lessoroperatingleasepaymentstobereceivedthreeyears": 731000,
    "lessoroperatingleasepaymentstobereceivedfouryears": 566000,
    "lessoroperatingleasepaymentstobereceivedfiveyears": 110000,
    "sharebasedcompensationarrangementbysharebasedpaymentawardequityinstrumentsotherthanoptionsgrantsinperiod": 676000,
    "deferredcompensationarrangementwithindividualrequisiteserviceperiod1": "P1Y",
    "definedcontributionplanwithindividualage": "P21Y",
    "definedcontributionplanmaximumannualcontributionsperemployeeamount": 238000,
    "dividendspayablecurrentandnoncurrent": 6081,
    "duetorelatedpartiescurrent": 260000,
    "deferredtaxassetstaxdeferredexpensereservesandaccrualsaccruedliabilities": 364000,
    "deferredtaxassetstaxdeferredexpensecompensationandbenefitsemployeecompensation": 662000,
    "deferredtaxassetstaxdeferredexpensereservesandaccruals": 27000,
    "deferredtaxassetsnet": 1053000,
    "deferredtaxliabilitiespropertyplantandequipment": 1989000,
    "deferredtaxliabilities": 936000,
    "sharebasedcompensationarrangementbysharebasedpaymentawardequityinstrumentsotherthanoptionsvestedinperiod": 69000,
    "sharebasedcompensationarrangementbysharebasedpaymentawardequityinstrumentsotherthanoptionsforfeitedinperiod": 3000,
    "revenuefromcontractwithcustomerincludingassessedtax": 273417000,
    "grossprofit": 78076000,
    "operatingincomeloss": 25710000,
    "netincomeloss": 21100000,
    "earningspersharediluted": 1.04,
    "depreciation": 2738000,
    "deferredincometaxexpensebenefit": -345000,
    "provisionfordoubtfulaccounts": 165000,
    "increasedecreaseinaccountsreceivable": -509000,
    "increasedecreaseinfinishedgoodsandworkinprocessinventories": -1965000,
    "increasedecreaseinprepaidtaxes": -278000,
    "increasedecreaseinprepaiddeferredexpenseandotherassets": 363000,
    "increasedecreaseinaccountspayable": -12048000,
    "increasedecreaseinaccruedliabilitiesandotheroperatingliabilities": -50000,
    "netcashprovidedbyusedinoperatingactivities": 18498000,
    "paymentstoacquirepropertyplantandequipment": 1752000,
    "netcashprovidedbyusedininvestingactivities": -1752000,
    "paymentsofdividendscommonstock": 24384000,
    "netcashprovidedbyusedinfinancingactivities": -24384000,
    "cashcashequivalentsrestrictedcashandrestrictedcashequivalentsperiodincreasedecreaseincludingexchangerateeffect": -7638000,
    "cashcashequivalentsrestrictedcashandrestrictedcashequivalentsincludingdisposalgroupanddiscontinuedoperations": 111080000,
    "incometaxespaid": 6085000,
    "liabilitiesassumed1": 558000,
    "currentfederaltaxexpensebenefit": 5801000,
    "currentstateandlocaltaxexpensebenefit": 515000,
    "currentincometaxexpensebenefit": 6316000,
    "deferredfederalincometaxexpensebenefit": -317000,
    "deferredstateandlocalincometaxexpensebenefit": -28000,
    "deferredincometaxesandtaxcredits": -345000,
    "incometaxexpensebenefit": 5971000,
    "costofgoodsandservicessold": 195341000,
    "generalandadministrativeexpense": 30829000,
    "advertisingexpense": 18799000,
    "operatingexpenses": 52366000,
    "investmentincomeinterest": 335000,
    "othernonoperatingincomeexpense": 1026000,
    "nonoperatingincomeexpense": 1361000,
    "incomelossfromcontinuingoperationsbeforeincometaxesextraordinaryitemsnoncontrollinginterest": 27071000,
    "earningspersharebasic": 1.05,
    "weightedaveragenumberofsharesoutstandingbasic": 20176000,
    "weightedaveragenumberofdilutedsharesoutstanding": 20358000,
    "commonstockdividendspersharedeclared": 1.2,
    "revenuefromcontractwithcustomerpercentage": 0.916,
    "revenuefromcontractwithcustomervariance": -22247000,
    "revenuefromcontractwithcustomervariancepercentage": -0.082,
    "propertyplantandequipmentgross": 14997000,
    "accumulateddepreciationdepletionandamortizationpropertyplantandequipment": 11685000,
    "propertyplantandequipmentnet": 24464000,
    "salesandexcisetaxpayablecurrent": 1106000,
    "accruedcreditcardfeescurrent": 428000,
    "accruedemployeebenefitscurrent": 1134000,
    "accruedmerchandisecreditsandrewardscurrent": 1623000,
    "accruedprofessionalfeescurrent": 459000,
    "accruedsalesreturnsandallowancescurrent": 190000,
    "dividendspayablecurrent": 558000,
    "accrualfortaxesotherthanincometaxescurrentandnoncurrent": 111000,
    "otheraccruedliabilitiescurrent": 88000,
    "accruedexpensesandothercurrentliabilities": 5697000,
    "incometaxreconciliationincometaxexpensebenefitatfederalstatutoryincometaxrate": 5685000,
    "incometaxreconciliationstateandlocalincometaxes": 379000,
    "incometaxreconciliationotherreconcilingitems": -126000,
    "cashandcashequivalentsatcarryingvalue": 111080000,
    "accountsreceivablenetcurrent": 1913000,
    "inventoryfinishedgoods": 32455000,
    "prepaidexpenseandotherassetscurrent": 4866000,
    "prepaidtaxes": 681000,
    "assetscurrent": 150995000,
    "intangibleassetsnetexcludinggoodwill": 860000,
    "assetsnoncurrent": 25324000,
    "assets": 176319000,
    "accountspayablecurrent": 27500000,
    "liabilitiescurrent": 33197000,
    "deferredincometaxliabilitiesnet": 936000,
    "liabilities": 34133000,
    "preferredstockvalue": 9000,
    "commonstockvalue": 21000,
    "additionalpaidincapital": 11660000,
    "retainedearningsaccumulateddeficit": 130496000,
    "stockholdersequity": 142186000,
    "liabilitiesandstockholdersequity": 176319000,
    "sharesoutstanding": 3000,
    "stockissuedduringperiodvaluerestrictedstockawardnetofforfeitures": 1000,
    "adjustmentstoadditionalpaidincapitalsharebasedcompensationrequisiteserviceperiodrecognitionvalue": 4549000,
    "dividendscommonstock": 24745000,
    "valuationallowancesandreservesbalance": 39000,
    "valuationallowancesandreservesdeductions": 165000,
    "incrementalcommonsharesattributabletosharebasedpaymentarrangements": 172000,
    "incrementalcommonsharesattributabletoconversionofpreferredstock": 10000
  },
  {
    "date": "2021-03-30",
    "symbol": "PETS",
    "period": "FY",
    "entitycentralindexkey": 1040130,
    "entityregistrantname": "PETMED EXPRESS INC",
    "amendmentflag": "false",
    "currentfiscalyearenddate": "--03-31",
    "documentfiscalperiodfocus": "FY",
    "documentfiscalyearfocus": 2021,
    "documenttype": "10-K",
    "documentannualreport": "true",
    "documentperiodenddate": "2021-03-31",
    "documenttransitionreport": "false",
    "entityfilenumber": "000-28827",
    "entityincorporationstatecountrycode": "FL",
    "entitytaxidentificationnumber": "65-0680967",
    "entityaddressaddressline1": "420 South Congress Avenue",
    "entityaddresscityortown": "Delray Beach",
    "entityaddressstateorprovince": "FL",
    "entityaddresspostalzipcode": 33445,
    "cityareacode": 561,
    "localphonenumber": "526-4444",
    "security12btitle": "Common Stock",
    "tradingsymbol": "PETS",
    "securityexchangename": "NASDAQ",
    "entitywellknownseasonedissuer": "No",
    "entityvoluntaryfilers": "No",
    "entitycurrentreportingstatus": "Yes",
    "entityinteractivedatacurrent": "Yes",
    "entityfilercategory": "Accelerated Filer",
    "entitysmallbusiness": "false",
    "entityemerginggrowthcompany": "false",
    "entityshellcompany": "false",
    "allowancefordoubtfulaccountsreceivablecurrent": 39000,
    "preferredstockparorstatedvaluepershare": 0.001,
    "preferredstocksharesauthorized": 5000000,
    "preferredstockliquidationpreference": 4,
    "preferredstocksharesissued": 3000,
    "preferredstocksharesoutstanding": 3000,
    "commonstockparorstatedvaluepershare": 0.001,
    "commonstocksharesauthorized": 40000000,
    "commonstocksharesissued": 20269000,
    "commonstocksharesoutstanding": 20269000,
    "inventoryvaluationreserves": 86000,
    "propertyplantandequipmentusefullife": "P30Y",
    "numberofsuppliers": 5,
    "concentrationriskpercentage1": 0.8,
    "effectiveincometaxratereconciliationsharebasedcompensationexcesstaxbenefitamount": -135000,
    "taxadjustmentssettlementsandunusualprovisions": -194000,
    "stockrepurchaseprogramremainingauthorizedrepurchaseamount1": 28700000,
    "dividendspayableamountpershare": 0.28,
    "commonstockcapitalsharesreservedforfutureissuance": 972175,
    "sharebasedcompensation": 3307000,
    "sharebasedcompensationarrangementbysharebasedpaymentawardequityinstrumentsotherthanoptionsnonvestednumber": 98000,
    "stockissuedduringperiodsharesrestrictedstockawardnetofforfeitures": 103000,
    "employeeservicesharebasedcompensationnonvestedawardstotalcompensationcostnotyetrecognized": 2500000,
    "employeeservicesharebasedcompensationnonvestedawardstotalcompensationcostnotyetrecognizedperiodforrecognition1": "P1Y9M18D",
    "antidilutivesecuritiesexcludedfromcomputationofearningspershareamount": 20952,
    "numberoftenants": 2,
    "lessoroperatingleaseremainingweightedaverageleaseterm": "P3Y10M24D",
    "rentalincomenonoperating": 670000,
    "lessoroperatingleasepaymentstobereceivednexttwelvemonths": 689000,
    "lessoroperatingleasepaymentstobereceivedtwoyears": 710000,
    "lessoroperatingleasepaymentstobereceivedthreeyears": 731000,
    "lessoroperatingleasepaymentstobereceivedfouryears": 566000,
    "lessoroperatingleasepaymentstobereceivedfiveyears": 110000,
    "definedcontributionplanmaximumannualcontributionsperemployeeamount": 245000,
    "relatedpartytransactionexpensesfromtransactionswithrelatedparty": 32000,
    "duetorelatedpartiescurrent": 260000,
    "dividendspayabledatedeclareddaymonthandyear": "2020-05-04",
    "dividendpayabledatetobepaiddaymonthandyear": "2020-05-22",
    "dividendspayabledateofrecorddaymonthandyear": "2020-05-15",
    "deferredtaxassetstaxdeferredexpensereservesandaccrualsaccruedliabilities": 406000,
    "deferredtaxassetstaxdeferredexpensecompensationandbenefitsemployeecompensation": 321000,
    "deferredtaxassetstaxdeferredexpensereservesandaccruals": 29000,
    "deferredtaxassetsnet": 756000,
    "deferredtaxliabilitiespropertyplantandequipment": 2037000,
    "deferredtaxliabilities": 1281000,
    "dividendspayablecurrentandnoncurrent": 5647000,
    "revenuefromcontractwithcustomerincludingassessedtax": 309215000,
    "grossprofit": 89948000,
    "operatingincomeloss": 37587000,
    "netincomeloss": 30603000,
    "earningspersharediluted": 1.52,
    "depreciation": 2427000,
    "deferredincometaxexpensebenefit": 311000,
    "provisionfordoubtfulaccounts": 130000,
    "increasedecreaseinaccountsreceivable": -1126000,
    "increasedecreaseinfinishedgoodsandworkinprocessinventories": 16536000,
    "increasedecreaseinprepaidtaxes": 959000,
    "increasedecreaseinprepaiddeferredexpenseandotherassets": 974000,
    "increasedecreaseinaccountspayable": 19890000,
    "increasedecreaseinaccruedliabilitiesandotheroperatingliabilities": 1221000,
    "increasedecreaseinaccruedincometaxespayable": -471000,
    "netcashprovidedbyusedinoperatingactivities": 40075000,
    "paymentstoacquirepropertyplantandequipment": 2432000,
    "netcashprovidedbyusedininvestingactivities": -2432000,
    "paymentsofdividendscommonstock": 22687000,
    "netcashprovidedbyusedinfinancingactivities": -22687000,
    "cashcashequivalentsrestrictedcashandrestrictedcashequivalentsperiodincreasedecreaseincludingexchangerateeffect": 14956000,
    "cashcashequivalentsrestrictedcashandrestrictedcashequivalentsincludingdisposalgroupanddiscontinuedoperations": 118718000,
    "incometaxespaid": 10018000,
    "liabilitiesassumed1": 198000,
    "currentfederaltaxexpensebenefit": 7446000,
    "currentstateandlocaltaxexpensebenefit": 856000,
    "currentincometaxexpensebenefit": 8302000,
    "deferredfederalincometaxexpensebenefit": 279000,
    "deferredstateandlocalincometaxexpensebenefit": 32000,
    "deferredincometaxesandtaxcredits": 311000,
    "incometaxexpensebenefit": 8613000,
    "weightedaveragenumberofsharesoutstandingbasic": 20060000,
    "incrementalcommonsharesattributabletosharebasedpaymentarrangements": 49000,
    "incrementalcommonsharesattributabletoconversionofpreferredstock": 10000,
    "weightedaveragenumberofdilutedsharesoutstanding": 20119000,
    "earningspersharebasic": 1.53,
    "costofgoodsandservicessold": 219267000,
    "generalandadministrativeexpense": 28293000,
    "advertisingexpense": 21641000,
    "operatingexpenses": 52361000,
    "investmentincomeinterest": 314000,
    "othernonoperatingincomeexpense": 1315000,
    "nonoperatingincomeexpense": 1629000,
    "incomelossfromcontinuingoperationsbeforeincometaxesextraordinaryitemsnoncontrollinginterest": 39216000,
    "commonstockdividendspersharedeclared": 1.12,
    "revenuefromcontractwithcustomerpercentage": 0.882,
    "revenuefromcontractwithcustomervariance": 24088000,
    "revenuefromcontractwithcustomervariancepercentage": 0.097,
    "propertyplantandequipmentgross": 14997000,
    "accumulateddepreciationdepletionandamortizationpropertyplantandequipment": 10328000,
    "propertyplantandequipmentnet": 25450000,
    "salesandexcisetaxpayablecurrent": 1063000,
    "accruedcreditcardfeescurrent": 456000,
    "accruedemployeebenefitscurrent": 1525000,
    "accruedmerchandisecreditsandrewardscurrent": 1413000,
    "accruedprofessionalfeescurrent": 290000,
    "accruedsalesreturnsandallowancescurrent": 220000,
    "dividendspayablecurrent": 198000,
    "accrualfortaxesotherthanincometaxescurrentandnoncurrent": 114000,
    "otheraccruedliabilitiescurrent": 108000,
    "accruedexpensesandothercurrentliabilities": 5387000,
    "incometaxreconciliationincometaxexpensebenefitatfederalstatutoryincometaxrate": 8235000,
    "incometaxreconciliationstateandlocalincometaxes": 708000,
    "incometaxreconciliationotherreconcilingitems": -195000,
    "cashandcashequivalentsatcarryingvalue": 118718000,
    "accountsreceivablenetcurrent": 2587000,
    "inventoryfinishedgoods": 34420000,
    "prepaidexpenseandotherassetscurrent": 4503000,
    "prepaidtaxes": 959000,
    "assetscurrent": 161187000,
    "intangibleassetsnetexcludinggoodwill": 860000,
    "assetsnoncurrent": 26310000,
    "assets": 187497000,
    "accountspayablecurrent": 39548000,
    "liabilitiescurrent": 44935000,
    "deferredincometaxliabilitiesnet": 1281000,
    "liabilities": 46216000,
    "preferredstockvalue": 9000,
    "commonstockvalue": 20000,
    "additionalpaidincapital": 7111000,
    "retainedearningsaccumulateddeficit": 134141000,
    "stockholdersequity": 141281000,
    "liabilitiesandstockholdersequity": 187497000,
    "sharesoutstanding": 3000,
    "adjustmentstoadditionalpaidincapitalsharebasedcompensationrequisiteserviceperiodrecognitionvalue": 3307000,
    "dividendscommonstock": 22639000,
    "valuationallowancesandreservesbalance": 39000,
    "valuationallowancesandreservesdeductions": 150000,
    "sharebasedcompensationarrangementbysharebasedpaymentawardequityinstrumentsotherthanoptionsgrantsinperiod": 68000,
    "sharebasedcompensationarrangementbysharebasedpaymentawardequityinstrumentsotherthanoptionsvestedinperiod": 76000,
    "sharebasedcompensationarrangementbysharebasedpaymentawardequityinstrumentsotherthanoptionsforfeitedinperiod": 3000
  },
  {
    "date": "2020-03-30",
    "symbol": "PETS",
    "period": "FY",
    "entityregistrantname": "PETMED EXPRESS INC",
    "entitycentralindexkey": 1040130,
    "tradingsymbol": "pets",
    "currentfiscalyearenddate": "--03-31",
    "entityfilercategory": "Accelerated Filer",
    "entitycurrentreportingstatus": "Yes",
    "entityvoluntaryfilers": "No",
    "entitywellknownseasonedissuer": "No",
    "entityemerginggrowthcompany": "false",
    "entitysmallbusiness": "false",
    "entityinteractivedatacurrent": "Yes",
    "entityshellcompany": "false",
    "documenttype": "10-K",
    "documentperiodenddate": "2020-03-31",
    "documentfiscalyearfocus": 2020,
    "documentfiscalperiodfocus": "FY",
    "amendmentflag": "false",
    "security12btitle": "Common Stock, par value $.001 per share",
    "allowancefordoubtfulaccountsreceivablecurrent": 59000,
    "preferredstockparorstatedvaluepershare": 0.001,
    "preferredstocksharesauthorized": 5000000,
    "preferredstockliquidationpreference": 4,
    "preferredstocksharesissued": 3000,
    "preferredstocksharesoutstanding": 2500,
    "commonstockparorstatedvaluepershare": 0.001,
    "commonstocksharesauthorized": 40000000,
    "commonstocksharesissued": 20166000,
    "commonstocksharesoutstanding": 20166000,
    "inventoryvaluationreserves": 45000,
    "propertyplantandequipmentusefullife": "P10Y",
    "numberofsuppliers": 3,
    "concentrationriskpercentage1": 0.6,
    "operatingleaserightofuseasset": 110000,
    "operatingleaseliabilitycurrent": 110000,
    "effectiveincometaxratereconciliationsharebasedcompensationexcesstaxbenefitamount": 322000,
    "taxadjustmentssettlementsandunusualprovisions": -93000,
    "stockrepurchasedandretiredduringperiodshares": 613000,
    "stockrepurchasedandretiredduringperiodvalue": 11496000,
    "stockrepurchaseprogramremainingauthorizedrepurchaseamount1": 28700000,
    "dividendspayableamountpershare": 0.27,
    "antidilutivesecuritiesexcludedfromcomputationofearningspershareamount": 72120,
    "commonstockcapitalsharesreservedforfutureissuance": 135000,
    "sharebasedcompensation": 2822000,
    "sharebasedcompensationarrangementbysharebasedpaymentawardequityinstrumentsotherthanoptionsnonvestednumber": 183000,
    "stockissuedduringperiodsharesrestrictedstockawardnetofforfeitures": 105000,
    "employeeservicesharebasedcompensationnonvestedawardstotalcompensationcostnotyetrecognized": 2600000,
    "employeeservicesharebasedcompensationnonvestedawardstotalcompensationcostnotyetrecognizedperiodforrecognition1": "P1Y292D",
    "numberoftenants": 2,
    "lessoroperatingleaseremainingweightedaverageleaseterm": "P4Y292D",
    "rentalincomenonoperating": 645000,
    "operatingleasesfutureminimumpaymentsreceivablecurrent": 670000,
    "operatingleasesfutureminimumpaymentsreceivableintwoyears": 689000,
    "operatingleasesfutureminimumpaymentsreceivableinthreeyears": 710000,
    "operatingleasesfutureminimumpaymentsreceivableinfouryears": 731000,
    "operatingleasesfutureminimumpaymentsreceivableinfiveyears": 566000,
    "deferredcompensationarrangementwithindividualrequisiteserviceperiod1": "P1Y",
    "definedcontributionplanwithindividualage": "P21Y",
    "definedcontributionplanmaximumannualcontributionsperemployeeamount": 211000,
    "dividendspayabledateofrecorddaymonthandyear": "2020-02-03",
    "dividendpayabledatetobepaiddaymonthandyear": "2020-02-14",
    "sharebasedcompensationarrangementbysharebasedpaymentawardequityinstrumentsotherthanoptionsgrantsinperiod": 115000,
    "sharebasedcompensationarrangementbysharebasedpaymentawardequityinstrumentsotherthanoptionsvestedinperiod": 73000,
    "sharebasedcompensationarrangementbysharebasedpaymentawardequityinstrumentsotherthanoptionsforfeitedinperiod": 9000,
    "deferredtaxassetstaxdeferredexpensereservesandaccrualsaccruedliabilities": 287000,
    "deferredtaxassetstaxdeferredexpensecompensationandbenefitsemployeecompensation": 469000,
    "deferredtaxassetstaxdeferredexpensereservesandaccruals": 24000,
    "deferredtaxassetsnet": 780000,
    "deferredtaxliabilitiespropertyplantandequipment": 1750000,
    "deferredtaxliabilities": 970000,
    "dividendspayablecurrentandnoncurrent": 5445000,
    "grossprofit": 81246000,
    "operatingincomeloss": 30977000,
    "netincomeloss": 25851000,
    "earningspersharediluted": 1.29,
    "depreciation": 2257000,
    "deferredincometaxexpensebenefit": -151000,
    "provisionfordoubtfulaccounts": 191000,
    "increasedecreaseinaccountsreceivable": 1492000,
    "increasedecreaseinfinishedgoodsandworkinprocessinventories": -3486000,
    "increasedecreaseinprepaidtaxes": -582000,
    "increasedecreaseinprepaiddeferredexpenseandotherassets": 376000,
    "increasedecreaseinaccountspayable": 3383000,
    "increasedecreaseinaccruedliabilitiesandotheroperatingliabilities": 1820000,
    "increasedecreaseinaccruedincometaxespayable": 471000,
    "netcashprovidedbyusedinoperatingactivities": 38844000,
    "paymentstoacquirepropertyplantandequipment": 2311000,
    "netcashprovidedbyusedininvestingactivities": -2311000,
    "paymentsofdividendscommonstock": 21803000,
    "paymentsforrepurchaseofcommonstock": 11497000,
    "netcashprovidedbyusedinfinancingactivities": -33300000,
    "cashandcashequivalentsperiodincreasedecrease": 3233000,
    "cashandcashequivalentsatcarryingvalue": 103762000,
    "incometaxespaid": 7140000,
    "transferofpropertyandequipmenttocurrentassets": 1745000,
    "liabilitiesassumed1": 246000,
    "currentfederaltaxexpensebenefit": 7352000,
    "currentstateandlocaltaxexpensebenefit": 841000,
    "currentincometaxexpensebenefit": 8193000,
    "deferredfederalincometaxexpensebenefit": -135000,
    "deferredstateandlocalincometaxexpensebenefit": -16000,
    "deferredincometaxesandtaxcredits": -151000,
    "incometaxexpensebenefit": 8042000,
    "weightedaveragenumberofsharesoutstandingbasic": 20041000,
    "incrementalcommonsharesattributabletosharebasedpaymentarrangements": 4000,
    "incrementalcommonsharesattributabletoconversionofpreferredstock": 10000,
    "weightedaveragenumberofdilutedsharesoutstanding": 20055000,
    "earningspersharebasic": 1.29,
    "revenuefromcontractwithcustomerincludingassessedtax": 46071000,
    "costofgoodsandservicessold": 202879000,
    "generalandadministrativeexpense": 25264000,
    "advertisingexpense": 22748000,
    "operatingexpenses": 50269000,
    "investmentincomeinterest": 1747000,
    "othernonoperatingincomeexpense": 1169000,
    "nonoperatingincomeexpense": 2916000,
    "incomelossfromcontinuingoperationsbeforeincometaxesextraordinaryitemsnoncontrollinginterest": 33893000,
    "commonstockdividendspersharedeclared": 1.08,
    "revenuefromcontractwithcustomerpercentage": 0.162,
    "revenuefromcontractwithcustomervariance": 2686000,
    "revenuefromcontractwithcustomervariancepercentage": 0.062,
    "propertyplantandequipmentgross": 36099000,
    "accumulateddepreciationdepletionandamortizationpropertyplantandequipment": 10654000,
    "propertyplantandequipmentnet": 25445000,
    "salesandexcisetaxpayablecurrent": 627000,
    "accruedcreditcardfeescurrent": 494000,
    "accruedemployeebenefitscurrent": 1242000,
    "accruedmerchandisecreditsandrewardscurrent": 674000,
    "accruedprofessionalfeescurrent": 267000,
    "accruedsalesreturnsandallowancescurrent": 244000,
    "dividendspayablecurrent": 246000,
    "accrualfortaxesotherthanincometaxescurrentandnoncurrent": 112000,
    "otheraccruedliabilitiescurrent": 308000,
    "accruedexpensesandothercurrentliabilities": 4214000,
    "incometaxreconciliationincometaxexpensebenefitatfederalstatutoryincometaxrate": 7118000,
    "incometaxreconciliationstateandlocalincometaxes": 649000,
    "incometaxreconciliationotherreconcilingitems": -47000,
    "accountsreceivablenetcurrent": 3843000,
    "inventoryfinishedgoods": 17884000,
    "prepaidexpenseandotherassetscurrent": 3529000,
    "assetscurrent": 129018000,
    "intangibleassetsnetexcludinggoodwill": 860000,
    "assetsnoncurrent": 26305000,
    "assets": 155323000,
    "accountspayablecurrent": 19658000,
    "accruedincometaxescurrent": 471000,
    "liabilitiescurrent": 24343000,
    "deferredincometaxliabilitiesnet": 970000,
    "liabilities": 25313000,
    "preferredstockvalue": 9000,
    "commonstockvalue": 20000,
    "additionalpaidincapital": 3804000,
    "retainedearningsaccumulateddeficit": 126177000,
    "stockholdersequity": 126177000,
    "liabilitiesandstockholdersequity": 155323000,
    "sharesoutstanding": 20166000,
    "adjustmentstoadditionalpaidincapitalsharebasedcompensationrequisiteserviceperiodrecognitionvalue": 2822000,
    "dividendscommonstock": 21846000,
    "valuationallowancesandreservesbalance": 59000,
    "valuationallowancesandreservesdeductions": 171000
  }
]