[
  {
    "date": "2021-12-30",
    "symbol": "SCRH",
    "period": "FY",
    "documenttype": "10-K",
    "documentannualreport": "true",
    "documentperiodenddate": "2021-12-31",
    "currentfiscalyearenddate": "--12-31",
    "documenttransitionreport": "false",
    "entityfilenumber": "000-16665",
    "entityregistrantname": "SCORES HOLDING CO INC",
    "entityincorporationstatecountrycode": "UT",
    "entitytaxidentificationnumber": "87-0426358",
    "entityaddressaddressline1": "34-35 Steinway Street",
    "entityaddresspostalzipcode": 11101,
    "entityaddresscityortown": "Long Island City",
    "entityaddressstateorprovince": "NY",
    "cityareacode": 212,
    "localphonenumber": "246â€“9090",
    "security12btitle": "None",
    "entitywellknownseasonedissuer": "No",
    "entityvoluntaryfilers": "No",
    "entitycurrentreportingstatus": "No",
    "entityinteractivedatacurrent": "No",
    "entityfilercategory": "Non-accelerated Filer",
    "entitysmallbusiness": "true",
    "entityemerginggrowthcompany": "false",
    "entityshellcompany": "false",
    "entitycentralindexkey": 831489,
    "documentfiscalyearfocus": 2021,
    "documentfiscalperiodfocus": "FY",
    "amendmentflag": "false",
    "tradingsymbol": "SCRH",
    "auditorname": "RBSM LLP",
    "auditorfirmid": 587,
    "auditorlocation": "New York, NY",
    "cashandcashequivalentsatcarryingvalue": 33353,
    "receivablesnetcurrent": 140000,
    "prepaidexpensecurrent": 38051,
    "assetscurrent": 211404,
    "assets": 211404,
    "accountspayableandaccruedliabilitiescurrent": 213937,
    "relatedpartyloanpayableclassifiedcurrent": 374346,
    "notespayablecurrent": 187500,
    "notespayablecurrentrelatedpartytypeextensibleenumeration": "http://fasb.org/us-gaap/2023#RelatedPartyMember",
    "liabilitiescurrent": 775783,
    "notespayablenoncurrentrelatedpartytypeextensibleenumeration": "http://fasb.org/us-gaap/2023#RelatedPartyMember",
    "contractwithcustomerliabilitynoncurrent": 351000,
    "liabilities": 1126783,
    "commonstockvalue": 165186,
    "additionalpaidincapitalcommonstock": 6058117,
    "retainedearningsaccumulateddeficit": -7138682,
    "stockholdersequity": -915379,
    "liabilitiesandstockholdersequity": 211404,
    "preferredstockparorstatedvaluepershare": 0.0001,
    "preferredstocksharesauthorized": 10000000,
    "commonstockparorstatedvaluepershare": 0.001,
    "commonstocksharesauthorized": 500000000,
    "commonstocksharesissued": 165186144,
    "commonstocksharesoutstanding": 165186144,
    "revenuefromcontractwithcustomerincludingassessedtax": 241001,
    "revenues": 241001,
    "generalandadministrativeexpense": 371928,
    "operatingincomeloss": -130927,
    "interestincomeexpensenet": -16095,
    "othernonoperatingincomeexpense": -16095,
    "incomelossfromcontinuingoperationsbeforeincometaxesextraordinaryitemsnoncontrollinginterest": -147022,
    "netincomeloss": -147022,
    "weightedaveragenumberofsharesoutstandingbasic": 165186144,
    "weightedaveragenumberofdilutedsharesoutstanding": 165186144,
    "increasedecreaseinreceivables": 98403,
    "increasedecreaseinprepaidexpense": 810,
    "increasedecreaseinaccountspayableandaccruedliabilities": 45291,
    "increasedecreaseinaccruedexpensesrelatedparties": -7500,
    "increasedecreaseinaccruedinterestrelatedparties": 14654,
    "increasedecreaseincontractwithcustomerliability": 116000,
    "proceedsfromrepaymentsofrelatedpartydebt": 90000,
    "netcashprovidedbyusedinoperatingactivities": 12210,
    "cashcashequivalentsrestrictedcashandrestrictedcashequivalentsperiodincreasedecreaseexcludingexchangerateeffect": 12210,
    "cashcashequivalentsrestrictedcashandrestrictedcashequivalents": 33353,
    "interestpaidnet": 1441,
    "incometaxespaid": 350,
    "sharesoutstanding": 165186144,
    "unusualorinfrequentitemorbothcashproceeds": 236000,
    "workingcapitalsurplusdeficit": -564379,
    "cashfdicinsuredamount": 250000,
    "numberoflicenseagreements": 6,
    "numberoflicenseagreementsrevenuerecognized": 3,
    "concentrationriskpercentage1": 0.4,
    "tradereceivablesheldforsaleamount": 140000,
    "contractwithcustomerliability": 351000,
    "contractwithcustomerliabilityadditions": 116000,
    "equitymethodinvestmentownershippercentage": 0.8,
    "relatedpartyrentpermonth": 2500,
    "rentpayablerelatedparty": 30000,
    "relatedpartytransactionmanagementfeesfromtransactionswithrelatedparty": 90000,
    "managementservicesfeepayable": 157500,
    "otherliabilitiescurrent": 7500,
    "debtinstrumentinterestrateduringperiod": 0.04,
    "otherliabilities": 561846,
    "relatedpartytransactionamountsoftransaction": 399139,
    "debtinstrumentfrequencyofperiodicpayment": "86 consecutive monthly installments",
    "debtinstrumentperiodicpayment": 5000,
    "debtinstrumentfinalinstallmentamount": 1370,
    "deferredtaxassetsoperatinglosscarryforwards": 1192000,
    "deferredtaxassetsvaluationallowance": 1192000,
    "incometaxreconciliationincometaxexpensebenefitatfederalstatutoryincometaxrate": -31000,
    "incometaxreconciliationstateandlocalincometaxes": -15000,
    "incometaxreconciliationchangeindeferredtaxassetsvaluationallowance": 46000,
    "operatinglosscarryforwards": 6823000,
    "operatinglosscarryforwardsvaluationallowance": 4091000,
    "operatinglossannuallimitation": 70000,
    "operatinglossannuallimitationdue": 2978000,
    "operatinglossremainingannuallimitation": 3845000,
    "effectiveincometaxratereconciliationatfederalstatutoryincometaxrate": 0.21,
    "accruedprofessionalfeescurrent": 147500,
    "accruedlegalfeescurrent": 17166,
    "accruedinsurancecurrent": 25940,
    "accruedfilingfeescurrent": 22316,
    "otheraccruedliabilitiescurrent": 1015,
    "contributedservicesrentpermonth": 7500,
    "leaseamountpermonth": 2500
  },
  {
    "date": "2020-12-30",
    "symbol": "SCRH",
    "period": "FY",
    "documenttype": "10-K",
    "amendmentflag": "false",
    "documentperiodenddate": "2020-12-31",
    "documentfiscalyearfocus": 2020,
    "documentfiscalperiodfocus": "FY",
    "entityregistrantname": "SCORES HOLDING CO INC",
    "entitycentralindexkey": 831489,
    "currentfiscalyearenddate": "--12-31",
    "entityvoluntaryfilers": "No",
    "entitywellknownseasonedissuer": "No",
    "entitycurrentreportingstatus": "No",
    "entityinteractivedatacurrent": "No",
    "entityfilercategory": "Non-accelerated Filer",
    "entityemerginggrowthcompany": "false",
    "entitysmallbusiness": "true",
    "entityshellcompany": "false",
    "cashandcashequivalentsatcarryingvalue": 21143,
    "receivablesnetcurrent": 41597,
    "prepaidexpensecurrent": 37241,
    "assetscurrent": 99981,
    "assets": 99981,
    "accountspayableandaccruedliabilitiescurrent": 168646,
    "accruedrelatedpartiesexpensescurrent": 7500,
    "notespayablerelatedpartiesclassifiedcurrent": 97500,
    "liabilitiescurrent": 273646,
    "notespayablerelatedpartiesnoncurrent": 359692,
    "contractwithcustomerliabilitynoncurrent": 235000,
    "liabilities": 868338,
    "commonstockvalue": 165186,
    "additionalpaidincapitalcommonstock": 6058117,
    "retainedearningsaccumulateddeficit": -6991660,
    "stockholdersequity": -6991660,
    "liabilitiesandstockholdersequity": 99981,
    "preferredstockparorstatedvaluepershare": 0.0001,
    "preferredstocksharesauthorized": 10000000,
    "commonstockparorstatedvaluepershare": 0.001,
    "commonstocksharesauthorized": 500000000,
    "commonstocksharesissued": 165186144,
    "commonstocksharesoutstanding": 165186144,
    "revenuefromcontractwithcustomerincludingassessedtax": 263142,
    "revenues": 263142,
    "generalandadministrativeexpense": 387254,
    "operatingincomeloss": -124112,
    "interestincomeexpensenet": -15778,
    "otherincome": 48225,
    "othernonoperatingincomeexpense": 32447,
    "incomelossfromcontinuingoperationsbeforeincometaxesextraordinaryitemsnoncontrollinginterest": -91665,
    "netincomeloss": -91665,
    "weightedaveragenumberofsharesoutstandingbasic": 165186144,
    "weightedaveragenumberofdilutedsharesoutstanding": 165186144,
    "provisionfordoubtfulaccounts": -13750,
    "increasedecreaseinreceivables": -17066,
    "increasedecreaseinprepaidexpense": 20722,
    "increasedecreaseinaccountspayableandaccruedliabilities": -15498,
    "increasedecreaseinaccruedinterestrelatedparties": 14081,
    "increasedecreaseincontractwithcustomerliability": 54800,
    "proceedsfromrepaymentsofrelatedpartydebt": 67500,
    "netcashprovidedbyusedinoperatingactivities": 11812,
    "cashcashequivalentsrestrictedcashandrestrictedcashequivalentsperiodincreasedecreaseexcludingexchangerateeffect": 11812,
    "cashcashequivalentsrestrictedcashandrestrictedcashequivalents": 21143,
    "interestpaidnet": 1349,
    "sharesoutstanding": 165186144,
    "cumulativegainslosses": -6991660,
    "workingcapitalsurplusdeficit": 173665,
    "netincomelossattributable": 91665,
    "unusualorinfrequentitemorbothcashproceeds": 235000,
    "cashfdicinsuredamount": 250000,
    "numberoflicenseagreements": 4,
    "concentrationriskpercentage1": 0.16,
    "contractwithcustomerliability": 235000,
    "contractwithcustomerliabilityadditions": 79000,
    "contractwithcustomerliabilityrevenuerecognized": -24200,
    "relatedpartyrentpermonth": 2500,
    "relatedpartytransactionrentexpensesfromtransactionswithrelatedparty": 30000,
    "relatedpartytransactionexpensesfromtransactionswithrelatedparty": 30000,
    "rentpayablerelatedparty": 22500,
    "incurredmanagementserviceexpenses": 90000,
    "relatedpartytransactionmanagementfeesfromtransactionswithrelatedparty": 90000,
    "managementservicesfeepayable": 67500,
    "equitymethodinvestmentownershippercentage": 0.8,
    "duetootherrelatedpartiesclassifiedcurrent": 7500,
    "duetorelatedpartiescurrentandnoncurrent": 359692,
    "debtinstrumentinterestrateduringperiod": 0.04,
    "debtinstrumentfrequencyofperiodicpayment": "86 consecutive monthly installments",
    "debtinstrumentperiodicpayment": 5000,
    "debtinstrumentfinalinstallmentamount": 1370,
    "interestexpenserelatedparty": 14081,
    "paymentstoemployees": 408546,
    "deferredtaxassetsoperatinglosscarryforwards": 1413000,
    "deferredtaxassetsvaluationallowance": 543000,
    "incometaxreconciliationincometaxexpensebenefitatfederalstatutoryincometaxrate": -30000,
    "incometaxreconciliationstateandlocalincometaxes": -15000,
    "incometaxreconciliationchangeindeferredtaxassetsvaluationallowance": 45000,
    "effectiveincometaxratereconciliationatfederalstatutoryincometaxrate": 0.21,
    "operatinglosscarryforwards": 7087000,
    "deferredtaxassetsremainingamountincludingmaximumutilizationperyear": 215000,
    "maximumamountofdeferredtaxassettobeutilized": 21500,
    "numberoflicensingagreementsobtained": 10,
    "accruedprofessionalfeescurrent": 100000,
    "accruedlegalfeescurrent": 8749,
    "accruedinsurancecurrent": 24234,
    "accruedfilingfeescurrent": 17472,
    "accruedmarketingcostscurrent": 15320,
    "otheraccruedliabilitiescurrent": 2871,
    "contributedservicesrentpermonth": 7500,
    "leaseamountpermonth": 2500,
    "reducingvalueofamountowed": 408546
  },
  {
    "date": "2019-12-30",
    "symbol": "SCRH",
    "period": "FY",
    "documenttype": "10-K",
    "amendmentflag": "false",
    "documentperiodenddate": "2019-12-31",
    "documentfiscalyearfocus": 2019,
    "documentfiscalperiodfocus": "FY",
    "entityregistrantname": "SCORES HOLDING CO INC",
    "entitycentralindexkey": 831489,
    "currentfiscalyearenddate": "--12-31",
    "entityvoluntaryfilers": "No",
    "entitywellknownseasonedissuer": "No",
    "entitycurrentreportingstatus": "No",
    "entityinteractivedatacurrent": "No",
    "entityfilercategory": "Non-accelerated Filer",
    "tradingsymbol": "SCRH",
    "entityemerginggrowthcompany": "false",
    "entitysmallbusiness": "true",
    "entityshellcompany": "false",
    "cashandcashequivalentsatcarryingvalue": 9331,
    "receivablesnetcurrent": 44913,
    "prepaidexpensecurrent": 16519,
    "assetscurrent": 70763,
    "assets": 70763,
    "accountspayableandaccruedliabilitiescurrent": 184144,
    "accruedrelatedpartiesexpensescurrent": 7500,
    "notespayablerelatedpartiesclassifiedcurrent": 30000,
    "liabilitiescurrent": 221644,
    "notespayablerelatedpartiesnoncurrent": 345611,
    "contractwithcustomerliabilitynoncurrent": 180200,
    "liabilities": 747455,
    "commonstockvalue": 165186,
    "additionalpaidincapitalcommonstock": 6058117,
    "retainedearningsaccumulateddeficit": -6899995,
    "stockholdersequity": -6899995,
    "liabilitiesandstockholdersequity": 70763,
    "preferredstockparorstatedvaluepershare": 0.0001,
    "preferredstocksharesauthorized": 10000000,
    "commonstockparorstatedvaluepershare": 0.001,
    "commonstocksharesauthorized": 500000000,
    "commonstocksharesissued": 165186144,
    "commonstocksharesoutstanding": 165186144,
    "revenuefromcontractwithcustomerincludingassessedtax": 139405,
    "revenues": 583530,
    "generalandadministrativeexpense": 706691,
    "operatingincomeloss": -123161,
    "gainlossrelatedtolitigationsettlement": 90000,
    "interestincomeexpensenet": -16441,
    "otherincome": 43800,
    "othernonoperatingincomeexpense": 117359,
    "incomelossfromcontinuingoperationsbeforeincometaxesextraordinaryitemsnoncontrollinginterest": -5802,
    "netincomeloss": -5802,
    "weightedaveragenumberofsharesoutstandingbasic": 165186144,
    "weightedaveragenumberofdilutedsharesoutstanding": 165186144,
    "allowanceforloanandleaselossrecoveryofbaddebts": 43800,
    "increasedecreaseinreceivables": -50904,
    "increasedecreaseinprepaidexpense": 2622,
    "increasedecreaseinaccountspayableandaccruedliabilities": 46597,
    "increasedecreaseinduetorelatedpartiescurrent": -11449,
    "increasedecreaseincontractwithcustomerliability": 67700,
    "netcashprovidedbyusedinoperatingactivities": 101528,
    "proceedsfromrepaymentsofrelatedpartydebt": -45000,
    "proceedsfromrepaymentsofrelatedpartyamount": -54859,
    "netcashprovidedbyusedinfinancingactivities": -99859,
    "cashcashequivalentsrestrictedcashandrestrictedcashequivalentsperiodincreasedecreaseexcludingexchangerateeffect": 1669,
    "cashcashequivalentsrestrictedcashandrestrictedcashequivalents": 9331,
    "interestpaidnet": 1300,
    "sharesoutstanding": 165186144,
    "cumulativegainslosses": -6899995,
    "workingcapitalsurplusdeficit": 150881,
    "netincomelossattributable": 5802,
    "cashfdicinsuredamount": 250000,
    "numberoflicenseagreements": 13,
    "concentrationriskpercentage1": 0.1,
    "concentrationriskthresholdpercentage": 0.82,
    "tradereceivablesheldforsaleamount": 44913,
    "relatedpartyrentpermonth": 2500,
    "rentpayablerelatedparty": 7500,
    "managementservicesfeepayable": 22500,
    "equitymethodinvestmentownershippercentage": 0.02,
    "duetootherrelatedpartiesclassifiedcurrent": 7500,
    "duetorelatedpartiescurrentandnoncurrent": 383111,
    "debtinstrumentinterestrateduringperiod": 0.04,
    "debtinstrumentfrequencyofperiodicpayment": "86 consecutive monthly installments",
    "debtinstrumentperiodicpayment": 5000,
    "debtinstrumentfinalinstallmentamount": 1370,
    "paymentstoemployees": 408546,
    "deferredtaxassetsoperatinglosscarryforwards": 1413000,
    "deferredtaxassetsdeferredincome": 66000,
    "deferredtaxassetsvaluationallowance": 571000,
    "incometaxreconciliationincometaxexpensebenefitatfederalstatutoryincometaxrate": 1500,
    "incometaxreconciliationstateandlocalincometaxes": 500,
    "incometaxreconciliationchangeindeferredtaxassetsvaluationallowance": -2000,
    "effectiveincometaxratereconciliationatfederalstatutoryincometaxrate": 0.21,
    "effectiveincometaxratereconciliationdeductions": 0.3,
    "effectiveincometaxratereconciliationrepatriationofforeignearnings": 0.8,
    "operatinglosscarryforwards": 6105000,
    "deferredtaxassetsremainingamountincludingmaximumutilizationperyear": 215000,
    "maximumamountofdeferredtaxassettobeutilized": 21500,
    "percentageofroyaltyrevenue": 0.8,
    "accruedprofessionalfeescurrent": 62547,
    "accruedpayrolltaxescurrent": 139,
    "accruedlegalfeescurrent": 96633,
    "accruedinsurancecurrent": 3679,
    "accruedfilingfeescurrent": 15421,
    "accruedmarketingcostscurrent": 5000,
    "otheraccruedliabilitiescurrent": 725,
    "contributedservicesrentpermonth": 7500,
    "leaseamountpermonth": 2500,
    "reducingvalueofamountowed": 408546
  },
  {
    "date": "2017-12-30",
    "symbol": "SCRH",
    "period": "FY",
    "documenttype": "10-K",
    "amendmentflag": "false",
    "documentperiodenddate": "2017-12-31",
    "documentfiscalyearfocus": 2017,
    "documentfiscalperiodfocus": "FY",
    "entityregistrantname": "SCORES HOLDING CO INC",
    "entitycentralindexkey": 831489,
    "currentfiscalyearenddate": "--12-31",
    "entitywellknownseasonedissuer": "No",
    "entityvoluntaryfilers": "No",
    "entitycurrentreportingstatus": "Yes",
    "entityfilercategory": "Smaller Reporting Company",
    "tradingsymbol": "SCRH",
    "retainedearningsaccumulateddeficit": -6294398,
    "workingcapitalsurplusdeficit": -35345,
    "netincomeloss": -229245,
    "cashfdicinsuredamount": 250000,
    "allowancefordoubtfulaccountsreceivable": 345153,
    "concentrationriskpercentage1": 0.25,
    "cashandcashequivalentsatcarryingvalue": 33457,
    "receivablesnetcurrent": 73943,
    "prepaidexpensecurrent": 12547,
    "assetscurrent": 119947,
    "assets": 119947,
    "accountspayableandaccruedliabilitiescurrent": 75450,
    "duetorelatedpartiescurrent": 15842,
    "securitydepositliability": 20000,
    "notespayablerelatedpartiesclassifiedcurrent": 30000,
    "deferredrevenuecurrent": 14000,
    "liabilitiescurrent": 155292,
    "deferredrevenuenoncurrent": 35750,
    "liabilities": 191042,
    "commonstockvalue": 165186,
    "additionalpaidincapitalcommonstock": 6058117,
    "stockholdersequity": -6294398,
    "liabilitiesandstockholdersequity": 119947,
    "relatedpartyrentpermonth": 2500,
    "rentpayablerelatedparty": 7500,
    "managementservicesfeepayable": 22500,
    "royaltiesandexpensespayablerelatedparty": 104986,
    "equitymethodinvestmentownershippercentage": 0.92165,
    "duetoaffiliatecurrentandnoncurrent": 93442,
    "duefromrelatedpartiescurrent": 275154,
    "duetootherrelatedpartiesclassifiedcurrent": 15842,
    "duetorelatedpartiescurrentandnoncurrent": 15842,
    "paymentstoemployees": 280000,
    "deferredtaxassetsoperatinglosscarryforwards": 1780000,
    "deferredtaxassetstaxdeferredexpensereservesandaccrualsallowancefordoubtfulaccounts": 152000,
    "deferredtaxassetsvaluationallowance": 435000,
    "incometaxreconciliationincometaxexpensebenefitatfederalstatutoryincometaxrate": -48000,
    "incometaxreconciliationstateandlocalincometaxes": -24000,
    "incometaxreconciliationchangeindeferredtaxassetsvaluationallowance": 72000,
    "deferredtaxassetsoperatinglosscarryforwardoffsetagainstvaluationallowance": 330000,
    "operatinglosscarryforwards": 5391000,
    "maximumamountofdeferredtaxassettobeutilized": 21759,
    "effectiveincometaxratereconciliationatfederalstatutoryincometaxrate": 0.35,
    "effectiveincometaxratereconciliationdeductions": 0.3,
    "effectiveincometaxratereconciliationrepatriationofforeignearnings": 0.8,
    "percentageofroyaltyrevenue": 0.01,
    "deferredrevenueamortizationperiod": "P5Y",
    "accruedlegalfeescurrent": 8911,
    "accruedprofessionalfeescurrent": 40300,
    "otheraccruedliabilitiescurrent": 5075,
    "accruedfilingfeescurrent": 2248,
    "accruedmarketingcostscurrent": 7247,
    "accruedpayrolltaxescurrent": 2255,
    "accruedinsurancecurrent": 9414,
    "leaseamountpermonth": 2500,
    "contributedservicesrentpermonth": 7500,
    "litigationsettlementamountawardedfromotherparty": 60000,
    "allowancefordoubtfulaccountsreceivablecurrent": 345153,
    "preferredstockparorstatedvaluepershare": 0.0001,
    "preferredstocksharesauthorized": 10000000,
    "commonstockparorstatedvaluepershare": 0.001,
    "commonstocksharesauthorized": 500000000,
    "commonstocksharesissued": 165186144,
    "commonstocksharesoutstanding": 165186144,
    "royaltyrevenue": 709448,
    "feesandcommissions": 13500,
    "revenues": 722948,
    "generalandadministrativeexpense": 1175917,
    "operatingincomeloss": -452969,
    "interestincomeexpensenet": 2070,
    "otherincome": 221654,
    "incomelossfromcontinuingoperationsbeforeincometaxesminorityinterestandincomelossfromequitymethodinvestments": 223724,
    "incomelossfromcontinuingoperationsbeforeincometaxesextraordinaryitemsnoncontrollinginterest": -229245,
    "earningspersharebasicanddiluted": -0.001,
    "weightedaveragenumberofshareoutstandingbasicanddiluted": 165186144,
    "recoveryofbaddebts": 221654,
    "increasedecreaseinreceivables": -194040,
    "increasedecreaseinprepaidexpense": 668,
    "increasedecreaseinsecuritydepositpayable": -10000,
    "increasedecreaseinaccountspayableandaccruedliabilities": 48874,
    "increasedecreaseinduetorelatedpartiescurrent": 6768,
    "increasedecreaseinaccruedtaxespayable": 30000,
    "increasedecreaseindeferredrevenue": -13500,
    "netcashprovidedbyusedinoperatingactivities": -195385,
    "cashandcashequivalentsperiodincreasedecrease": -195385,
    "interestpaidnet": 776,
    "incometaxespaid": 7176,
    "sharesoutstanding": 165186144
  },
  {
    "date": "2016-12-30",
    "symbol": "SCRH",
    "period": "FY",
    "documenttype": "10-K",
    "amendmentflag": "false",
    "documentperiodenddate": "2016-12-31",
    "documentfiscalyearfocus": 2016,
    "documentfiscalperiodfocus": "FY",
    "entityregistrantname": "SCORES HOLDING CO INC",
    "entitycentralindexkey": 831489,
    "currentfiscalyearenddate": "--12-31",
    "entitywellknownseasonedissuer": "No",
    "entityvoluntaryfilers": "No",
    "entitycurrentreportingstatus": "Yes",
    "entityfilercategory": "Smaller Reporting Company",
    "tradingsymbol": "SCRH",
    "cashandcashequivalentsatcarryingvalue": 228842,
    "receivablesnetcurrent": 46329,
    "prepaidexpensecurrent": 11879,
    "assetscurrent": 287050,
    "assets": 287050,
    "accountspayableandaccruedliabilitiescurrent": 26576,
    "duetorelatedpartiescurrent": 9074,
    "securitydepositliability": 30000,
    "deferredrevenuecurrent": 11833,
    "liabilitiescurrent": 77483,
    "deferredrevenuenoncurrent": 51417,
    "liabilities": 128900,
    "commonstockvalue": 165186,
    "additionalpaidincapitalcommonstock": 6058117,
    "retainedearningsaccumulateddeficit": -6065153,
    "stockholdersequity": 6058117,
    "liabilitiesandstockholdersequity": 287050,
    "deferredtaxassetsoperatinglosscarryforwards": 400000,
    "deferredtaxassetstaxdeferredexpensereservesandaccrualsallowancefordoubtfulaccounts": 223000,
    "deferredtaxassetsvaluationallowance": 623000,
    "incometaxreconciliationincometaxexpensebenefitatfederalstatutoryincometaxrate": -82000,
    "incometaxreconciliationstateandlocalincometaxes": -25000,
    "incometaxreconciliationchangeindeferredtaxassetsvaluationallowance": 107000,
    "workingcapitalsurplusdeficit": 209733,
    "netincomeloss": -240991,
    "cashfdicinsuredamount": 250000,
    "allowancefordoubtfulaccountsreceivable": 506807,
    "operatinglosscarryforwards": 4920000,
    "effectiveincometaxratereconciliationatfederalstatutoryincometaxrate": 0.34,
    "operatinglosscarryforwardsexpirationdates1": "which expire in the years 2020 through 2028.",
    "concentrationriskpercentage1": 0.27,
    "increasedecreaseindeferredincometaxes": 1250000,
    "operatinglosscarryforwardslimitationsonuse": "utilized up to $30,000 per year through 2028",
    "increasedecreaseindeferredtaxassetsoperatinglosscarryforwards": 130000,
    "relatedpartyrentpermonth": 2500,
    "royaltiesandexpensespayablerelatedparty": 122109,
    "equitymethodinvestmentownershippercentage": 0.92165,
    "duetoaffiliatecurrentandnoncurrent": 130000,
    "duefromrelatedpartiescurrent": 396807,
    "licenseagreementsellingpricedescription": "Starlight will purchase the licensed products fromthe Companyor its affiliates atthe Companyscost plus 25%.",
    "allowancefordoubtfulaccountsreceivablecurrent": 506807,
    "preferredstockparorstatedvaluepershare": 0.0001,
    "preferredstocksharesauthorized": 10000000,
    "commonstockparorstatedvaluepershare": 0.001,
    "commonstocksharesauthorized": 500000000,
    "commonstocksharesissued": 165186144,
    "commonstocksharesoutstanding": 165186144,
    "deferredrevenueamortizationperiod": "P5Y",
    "accruedlegalfeescurrent": 2000,
    "accruedprofessionalfeescurrent": 12800,
    "otheraccruedliabilitiescurrent": 5000,
    "accruedfilingfeescurrent": 2248,
    "accruedmarketingcostscurrent": 1041,
    "accruedpayrolltaxescurrent": 3487,
    "leaseamountpermonth": 2500,
    "contributedservicesrentpermonth": 7500,
    "royaltyrevenue": 1055594,
    "feesandcommissions": 35250,
    "revenues": 1090844,
    "generalandadministrativeexpense": 1335625,
    "operatingincomeloss": -244781,
    "interestincomeexpensenet": -1041,
    "incomelossfromcontinuingoperationsbeforeincometaxesminorityinterestandincomelossfromequitymethodinvestments": -1041,
    "incomelossfromcontinuingoperationsbeforeincometaxesextraordinaryitemsnoncontrollinginterest": -245822,
    "incometaxesrefund": 4831,
    "earningspersharebasicanddiluted": -0.001,
    "weightedaveragenumberofshareoutstandingbasicanddiluted": 165186144,
    "provisionfordoubtfulaccounts": 240000,
    "increasedecreaseinreceivables": 6210,
    "increasedecreaseinprepaidexpense": 442,
    "increasedecreaseinsecuritydepositpayable": -5000,
    "increasedecreaseinaccountspayableandaccruedliabilities": -228933,
    "increasedecreaseinduetorelatedpartiescurrent": 9074,
    "increasedecreaseinaccruedtaxespayable": -49400,
    "increasedecreaseindeferredrevenue": -5250,
    "netcashprovidedbyusedinoperatingactivitiescontinuingoperations": -287152,
    "originationofnotesreceivablefromrelatedparties": 275000,
    "repaymentofnotesreceivablefromrelatedparties": 275000,
    "cashandcashequivalentsperiodincreasedecrease": -287152,
    "interestpaid": 348,
    "incometaxespaid": 58739,
    "sharesoutstanding": 165186144,
    "adjustmentstoadditionalpaidincapitalproceedsfromrelatedpartyloan": -275000,
    "adjustmentstoadditionalpaidincapitalrepaymentrelatedpartyloan": 275000
  }
]