[
  {
    "date": "2022-12-30",
    "symbol": "UNL",
    "period": "FY",
    "documenttype": "10-K",
    "documentannualreport": "true",
    "documenttransitionreport": "false",
    "documentperiodenddate": "2022-12-31",
    "entityfilenumber": "001-34535",
    "entityregistrantname": "United States 12 Month Natural Gas Fund, LP",
    "entityincorporationstatecountrycode": "DE",
    "entitytaxidentificationnumber": "26-0431733",
    "entityaddressaddressline1": "1850 Mt. Diablo Boulevard",
    "entityaddressaddressline2": "Suite 640",
    "entityaddresscityortown": "Walnut Creek",
    "entityaddressstateorprovince": "CA",
    "entityaddresspostalzipcode": 94596,
    "cityareacode": 510,
    "localphonenumber": "522-9600",
    "security12btitle": "Shares of United States 12 Month Natural Gas Fund, LP",
    "tradingsymbol": "UNL",
    "securityexchangename": "NYSE",
    "entitycurrentreportingstatus": "Yes",
    "entityinteractivedatacurrent": "Yes",
    "entityfilercategory": "Non-accelerated Filer",
    "entitysmallbusiness": "false",
    "entityemerginggrowthcompany": "false",
    "entityshellcompany": "false",
    "entitycentralindexkey": 1405513,
    "currentfiscalyearenddate": "--12-31",
    "documentfiscalyearfocus": 2022,
    "documentfiscalperiodfocus": "FY",
    "amendmentflag": "false",
    "entitywellknownseasonedissuer": "No",
    "entityvoluntaryfilers": "No",
    "icfrauditorattestationflag": "true",
    "auditorname": "Spicer Jeffries LLP",
    "auditorfirmid": 349,
    "auditorlocation": "Denver, Colorado",
    "cashandcashequivalentsatcarryingvalue": 22036438,
    "cashandcashequivalentsintradingaccounts": 11220362,
    "unrealizedgainlossonopencommodityfuturescontractscurrentandnoncurrent": -8419740,
    "duefromofficersorstockholders": 163576,
    "dividendsreceivable": 94005,
    "interestreceivable": 7826,
    "prepaidlicensefees": 6760,
    "prepaidinsurance": 760,
    "assets": 25109987,
    "duetoofficersorstockholderscurrentandnoncurrent": 20071,
    "accruedprofessionalfeescurrentandnoncurrent": 94745,
    "commissionspayabletobrokerdealersandclearingorganizations": 391,
    "directorsfeespayablecurrentandnoncurrent": 2846,
    "liabilities": 118053,
    "limitedpartnerscapitalaccount": 24991934,
    "partnerscapital": 24991934,
    "liabilitiesandstockholdersequity": 25109987,
    "limitedpartnerscapitalaccountunitsoutstanding": 1450000,
    "netassetvalueperunit": 17.24,
    "marketvalueperunit": 17.23,
    "investmentownedatfairvalue": 3907500,
    "investmentownedbalancecontracts": 49,
    "unrealizedgainlossonopencommodityfuturesandclearedswapcontracts": -1714750,
    "investmentownedbalanceprincipalamount": 22000000,
    "investmentownedunderlyingfaceamountatmarketvalue": 22000000,
    "percentageofpartnerscapital": -0.0686,
    "investmentownedsubjecttooptionexercisedates": "December 31, 2022",
    "debtinstrumentinterestratestatedpercentage": 0.0412,
    "debtinstrumentcollateralamount": 11220362,
    "gainlossonsaleofderivatives": 12345209,
    "unrealizedgainlossonderivatives": -8968249,
    "dividendincomeoperating": 510818,
    "interestincomeoperating": 54908,
    "revenuefromcontractwithcustomerincludingassessedtax": 9100,
    "revenues": 3951786,
    "managementfeeexpense": 266267,
    "professionalfees": 188633,
    "floorbrokerageexchangeandclearancefees": 8670,
    "noninterestexpensedirectorsfees": 14201,
    "licensefees": 5325,
    "operatingexpenses": 483096,
    "expensewaiver": 163576,
    "netoperatingexpenses": 319520,
    "netincomeloss": 3632266,
    "netincomelossperoutstandinglimitedpartnershipunitbasicnetoftax": 5.59,
    "netincomelossnetoftaxperoutstandinglimitedpartnershipunitdiluted": 2.12,
    "weightedaveragelimitedpartnershipunitsoutstanding": 1715205,
    "interestincomemaximumpercentageofpaidinkind": 0.05,
    "partnerscapitalaccountcontributions": 41366621,
    "partnerscapitalaccountredemptions": 36319539,
    "partnerscapitalaccountunitscontributed": 1950000,
    "partnerscapitalaccountunitsredeemed": 1900000,
    "profitloss": 3632266,
    "unrealizedgainlossonderivativesandcommoditycontracts": -8968249,
    "increasedecreaseduefromofficersandstockholders": 34828,
    "increasedecreaseindividendsreceivable": 93733,
    "increasedecreaseinaccruedinterestreceivablenet": 7747,
    "increasedecreaseinprepaidinsurance": 315,
    "increasedecreasemanagementfeespayable": 9431,
    "increasedecreaseinprofessionalfeespayable": 36099,
    "increasedecreaseindirectorsfeesandinsurancepayable": 74,
    "increasedecreaseinprepaidlicensefees": 5735,
    "netcashprovidedbyusedinoperatingactivities": 12503761,
    "proceedsfrompartnershipcontribution": 41366621,
    "paymentstopartnershipredemption": 36319539,
    "netcashprovidedbyusedinfinancingactivities": 5047082,
    "cashcashequivalentsrestrictedcashandrestrictedcashequivalentsperiodincreasedecreaseincludingexchangerateeffect": 17550843,
    "cashcashequivalentsrestrictedcashandrestrictedcashequivalents": 33256800,
    "numberofsuccessivevaluationdays": 30,
    "averagedailypercentagechangeinpriceofbenchmarkfuturescontractconsidered": 0.1,
    "numberofunitsperbasket": 50000,
    "transactionfeepaidperorder": 350,
    "numberofregisteredshares": 30000000,
    "percentageofcontractualobligatedtopay": 0.0075,
    "basefeepercentage": 0.00015,
    "licensefeesandotherofferingexpenses": 5325,
    "estimatedcosts": 135833,
    "excessexpensespercentageforreimbursementtootherspercentage": 0.0015,
    "percentageofaveragedailynetassets": 0.0002,
    "maximumaggregatecompensationpaidfordistributionrelatedservices": 0.1,
    "commissionspaid": 7,
    "depositsmoneymarketdeposits": 22000000,
    "deposits": 11256800,
    "totalincomelossperunit": 5.78,
    "totalexpensesperunit": -0.19,
    "increasedecreaseinnetassetvalueperunit": 5.59,
    "rateofreturnonaverageasset": 0.4798,
    "percentageoftotalrevenue": 0.1113,
    "managementincentivefeepercentage": 0.0075,
    "expensesexcludingmanagementfeepercentage": 0.0061,
    "percentagewaiverexpense": -0.0046,
    "expenseexcludingmanagementfeepercentagenet": 0.0015,
    "percentageofconsolidatednetincome": 0.1023,
    "investmentsfairvaluedisclosure": 22000000
  },
  {
    "date": "2021-12-30",
    "symbol": "UNL",
    "period": "FY",
    "documentannualreport": "true",
    "documenttype": "10-K",
    "amendmentflag": "false",
    "documentperiodenddate": "2021-12-31",
    "documentfiscalyearfocus": 2021,
    "documentfiscalperiodfocus": "FY",
    "entityregistrantname": "United States 12 Month Natural Gas Fund, LP",
    "documenttransitionreport": "false",
    "entityfilenumber": "001-34535",
    "entitycentralindexkey": 1405513,
    "entityincorporationstatecountrycode": "DE",
    "entityaddressaddressline1": "1850 Mt. Diablo Boulevard",
    "entityaddressaddressline2": "Suite 640",
    "entityaddresscityortown": "Walnut Creek",
    "entityaddressstateorprovince": "CA",
    "entityaddresspostalzipcode": 94596,
    "cityareacode": 510,
    "localphonenumber": "522-9600",
    "entitytaxidentificationnumber": "26-0431733",
    "currentfiscalyearenddate": "--12-31",
    "entitycurrentreportingstatus": "Yes",
    "entityinteractivedatacurrent": "Yes",
    "entityfilercategory": "Non-accelerated Filer",
    "entitywellknownseasonedissuer": "No",
    "entityvoluntaryfilers": "No",
    "tradingsymbol": "UNL",
    "security12btitle": "Shares of United States 12 Month Natural Gas Fund, LP",
    "securityexchangename": "NYSE",
    "entitysmallbusiness": "false",
    "entityemerginggrowthcompany": "false",
    "entityshellcompany": "false",
    "icfrauditorattestationflag": "true",
    "auditorname": "Spicer Jeffries LLP",
    "auditorfirmid": 349,
    "auditorlocation": "Denver, Colorado",
    "cashandcashequivalentsatcarryingvalue": 14360397,
    "cashandcashequivalentsintradingaccounts": 1345560,
    "unrealizedgainlossonopencommodityfuturescontracts": -548509,
    "duefromofficersorstockholders": 128748,
    "dividendsreceivable": 272,
    "interestreceivable": 79,
    "prepaidlicense": 1025,
    "prepaidinsurance": 445,
    "assets": 16385035,
    "duetoofficersorstockholderscurrentandnoncurrent": 10640,
    "accruedprofessionalfeescurrentandnoncurrent": 58646,
    "commissionspayabletobrokerdealersandclearingorganizations": 391,
    "directorsfeespayablecurrentandnoncurrent": 2772,
    "liabilities": 72449,
    "limitedpartnerscapitalaccount": 16312586,
    "partnerscapital": 16312586,
    "liabilitiesandstockholdersequity": 16385035,
    "limitedpartnerscapitalaccountunitsoutstanding": 1400000,
    "netassetvalueperunit": 11.65,
    "marketvalueperunit": 11.72,
    "investmentownedatfairvalue": 1397690,
    "investmentownedbalancecontracts": 37,
    "unrealizedgainlossonopencommodityfuturesandclearedswapcontracts": -17590,
    "investmentownedbalanceprincipalamount": 6000000,
    "investmentownedunderlyingfaceamountatmarketvalue": 6000000,
    "percentageofpartnerscapital": -0.0011,
    "investmentownedsubjecttooptionexercisedates": "December 31, 2021",
    "debtinstrumentinterestratestatedpercentage": 0.0003,
    "debtinstrumentcollateralamount": 1345560,
    "gainlossonsaleofinvestments": 2685138,
    "unrealizedgainlossoninvestments": 570473,
    "dividendincomeoperating": 1802,
    "interestincomeoperating": 1677,
    "revenuefromcontractwithcustomerincludingassessedtax": 3500,
    "revenues": 3262590,
    "managementfeeexpense": 85770,
    "professionalfees": 128233,
    "floorbrokerageexchangeandclearancefees": 3199,
    "noninterestexpensedirectorsfees": 12755,
    "licensefeesandotherofferingexpenses": 1716,
    "operatingexpenses": 231673,
    "expensewaiver": 128748,
    "netoperatingexpenses": 102925,
    "netincomeloss": 3159665,
    "netincomelossperoutstandinglimitedpartnershipunitbasicnetoftax": 3.91,
    "netincomelossnetoftaxperoutstandinglimitedpartnershipunitdiluted": 2.93,
    "weightedaveragelimitedpartnershipunitsoutstanding": 1078767,
    "partnerscapitalaccountcontributions": 8382719,
    "partnerscapitalaccountredemptions": 2581258,
    "partnerscapitalaccountunitscontributed": 750000,
    "partnerscapitalaccountunitsredeemed": 300000,
    "unrealizedgainlossonderivativesandcommoditycontracts": 570473,
    "increasedecreaseduefromofficersandstockholders": 68213,
    "increasedecreaseindividendsreceivable": 263,
    "increasedecreaseinaccruedinterestreceivablenet": -95,
    "increasedecreaseinprepaidinsurance": 349,
    "increasedecreasemanagementfeespayable": 6545,
    "increasedecreaseinprofessionalfeespayable": 33646,
    "increasedecreaseindirectorsfeesandinsurancepayable": 742,
    "increasedecreaseininsuranceliabilities": -42,
    "netcashprovidedbyusedinoperatingactivities": 2561353,
    "proceedsfrompartnershipcontribution": 8382719,
    "paymentstopartnershipredemption": 2581258,
    "netcashprovidedbyusedinfinancingactivities": 5801461,
    "cashcashequivalentsrestrictedcashandrestrictedcashequivalentsperiodincreasedecreaseincludingexchangerateeffect": 8362814,
    "cashcashequivalentsrestrictedcashandrestrictedcashequivalents": 15705957,
    "cashandcashequivalentinequityintradingaccounts": 15705957,
    "numberofunitsperbasket": 50000,
    "feepaidperorder": 350,
    "numberofregisteredshares": 30000000,
    "percentageofcontractualobligatedtopay": 0.0075,
    "basefeepercentage": 0.00015,
    "estimatedcosts": 114000,
    "percentageofaveragedailynetassets": 0.0003,
    "basisamountforfeepercentage": 3000000000,
    "commissionspaid": 7,
    "maximumaggregatecompensationpaidfordistributionrelatedservices": 0.1,
    "depositsmoneymarketdeposits": 14000000,
    "deposits": 1705957,
    "totalincomelossperunit": 4.01,
    "totalexpensesperunit": -0.1,
    "increasedecreaseinnetassetvalueperunit": 3.91,
    "rateofreturnonaverageasset": 0.5052,
    "percentageoftotalrevenue": 0.2853,
    "managementincentivefeepercentage": 0.0075,
    "expensesexcludingmanagementfeepercentage": 0.0128,
    "percentagewaiverexpense": -0.0113,
    "expenseexcludingmanagementfeepercentagenet": 0.0015,
    "percentageofconsolidatednetincome": 0.2763,
    "investmentsfairvaluedisclosure": 14000000
  },
  {
    "date": "2020-12-30",
    "symbol": "UNL",
    "period": "FY",
    "documenttype": "10-K",
    "amendmentflag": "false",
    "documentperiodenddate": "2020-12-31",
    "documentfiscalyearfocus": 2020,
    "documentfiscalperiodfocus": "FY",
    "entityregistrantname": "United States 12 Month Natural Gas Fund, LP",
    "entitycentralindexkey": 1405513,
    "currentfiscalyearenddate": "--12-31",
    "entitycurrentreportingstatus": "Yes",
    "entityinteractivedatacurrent": "Yes",
    "entityfilercategory": "Non-accelerated Filer",
    "entitywellknownseasonedissuer": "No",
    "entityvoluntaryfilers": "No",
    "tradingsymbol": "UNL",
    "security12btitle": "Shares of United States 12 Month Natural Gas Fund, LP",
    "securityexchangename": "NYSE",
    "entitysmallbusiness": "false",
    "entityemerginggrowthcompany": "false",
    "entityshellcompany": "false",
    "cashandcashequivalentsatcarryingvalue": 6497522,
    "cashandcashequivalentsintradingaccounts": 845621,
    "unrealizedgainlossonopencommodityfuturescontracts": 21964,
    "duefromofficersorstockholders": 60535,
    "dividendsreceivable": 9,
    "interestreceivable": 174,
    "prepaidlicense": 983,
    "prepaidinsurance": 96,
    "assets": 7382976,
    "duetoofficersorstockholderscurrentandnoncurrent": 4095,
    "accruedprofessionalfeescurrentandnoncurrent": 25000,
    "commissionspayabletobrokerdealersandclearingorganizations": 391,
    "directorsfeespayablecurrentandnoncurrent": 2030,
    "liabilities": 31516,
    "limitedpartnerscapitalaccount": 7351460,
    "partnerscapital": 7351460,
    "liabilitiesandstockholdersequity": 7382976,
    "limitedpartnerscapitalaccountunitsoutstanding": 950000,
    "netassetvalueperunit": 7.74,
    "marketvalueperunit": 7.59,
    "investmentownedatfairvalue": 7378984,
    "investmentownedbalancecontracts": 273,
    "unrealizedgainlossonopencommodityfuturesandclearedswapcontracts": -21964,
    "investmentownedbalanceprincipalamount": 1000000,
    "investmentownedunderlyingfaceamountatmarketvalue": 1000000,
    "percentageofpartnerscapital": -0.0047,
    "debtinstrumentinterestratestatedpercentage": 0.0002,
    "debtinstrumentcollateralamount": 845621,
    "gainlossonsaleofinvestments": -608115,
    "unrealizedgainlossoninvestments": 413714,
    "dividendincomeoperating": 2604,
    "interestincomeoperating": 18621,
    "revenuefromcontractwithcustomerincludingassessedtax": 1400,
    "revenues": -171776,
    "managementfeeexpense": 35924,
    "professionalfees": 62653,
    "floorbrokerageexchangeandclearancefees": 1153,
    "noninterestexpensedirectorsfees": 2711,
    "licensefeesandotherofferingexpenses": 718,
    "operatingexpenses": 103639,
    "expensewaiver": 60535,
    "netoperatingexpenses": 43104,
    "netincomeloss": -214880,
    "netincomelossperoutstandinglimitedpartnershipunitbasicnetoftax": -0.69,
    "netincomelossnetoftaxperoutstandinglimitedpartnershipunitdiluted": -0.37,
    "weightedaveragelimitedpartnershipunitsoutstanding": 587397,
    "partnerscapitalaccountcontributions": 4192446,
    "partnerscapitalaccountunitscontributed": 550000,
    "unrealizedgainlossonderivativesandcommoditycontracts": 413714,
    "increasedecreaseduefromofficersandstockholders": -13767,
    "increasedecreaseindividendsreceivable": -649,
    "increasedecreaseinaccruedinterestreceivablenet": -73,
    "increasedecreaseinprepaidinsurance": -24,
    "increasedecreasemanagementfeespayable": 1336,
    "increasedecreaseinprofessionalfeespayable": -32027,
    "increasedecreaseinbrokeragecommissionspayable": -180,
    "increasedecreaseindirectorsfeesandinsurancepayable": 1927,
    "increasedecreaseininsuranceliabilities": -983,
    "netcashprovidedbyusedinoperatingactivities": -644008,
    "proceedsfrompartnershipcontribution": 4192446,
    "netcashprovidedbyusedinfinancingactivities": 4192446,
    "cashcashequivalentsrestrictedcashandrestrictedcashequivalentsperiodincreasedecreaseincludingexchangerateeffect": 3548438,
    "cashcashequivalentsrestrictedcashandrestrictedcashequivalents": 7343143,
    "cashandcashequivalentinequityintradingaccounts": 7343143,
    "numberofunitsperbasket": 50000,
    "feepaidperorder": 50000,
    "numberofregisteredunits": 30000000,
    "percentageofcontractualobligatedtopay": 0.0075,
    "basefeepercentage": 0.0006,
    "othergeneralexpense": 51400,
    "percentageofchangeincostsandexpenses": 0.0015,
    "percentageofaveragedailynetassets": 0.7061,
    "basisamountforfeepercentage": 3000000000,
    "commissionspaid": 7,
    "maximumaggregatecompensationpaidfordistributionrelatedservices": 0.1,
    "depositsmoneymarketdeposits": 1000000,
    "deposits": 6343143,
    "totalincomelossperunit": -0.62,
    "totalexpensesperunit": -0.07,
    "increasedecreaseinnetassetvalueperunit": -0.69,
    "rateofreturnonaverageasset": -0.0819,
    "percentageoftotalrevenue": -0.0359,
    "managementincentivefeepercentage": 0.0075,
    "expensesexcludingmanagementfeepercentage": 0.0141,
    "percentagewaiverexpense": -0.0126,
    "expenseexcludingmanagementfeepercentagenet": 0.0015,
    "percentageofconsolidatednetincome": -0.0449,
    "investmentsfairvaluedisclosure": 1000000
  },
  {
    "date": "2019-12-30",
    "symbol": "UNL",
    "period": "FY",
    "documenttype": "10-K",
    "amendmentflag": "false",
    "documentperiodenddate": "2019-12-31",
    "documentfiscalyearfocus": 2019,
    "documentfiscalperiodfocus": "FY",
    "entityregistrantname": "United States 12 Month Natural Gas Fund, LP",
    "entitycentralindexkey": 1405513,
    "currentfiscalyearenddate": "--12-31",
    "entitycurrentreportingstatus": "Yes",
    "entityinteractivedatacurrent": "Yes",
    "entityfilercategory": "Non-accelerated Filer",
    "entitywellknownseasonedissuer": "No",
    "entityvoluntaryfilers": "No",
    "tradingsymbol": "UNL",
    "entitysmallbusiness": "false",
    "entityemerginggrowthcompany": "false",
    "entityshellcompany": "false",
    "cashandcashequivalentsatcarryingvalue": 2990732,
    "cashandcashequivalentsintradingaccounts": 803973,
    "unrealizedgainlossonopencommodityfuturescontracts": 435678,
    "duefromofficersorstockholders": 74302,
    "dividendsreceivable": 658,
    "interestreceivable": 247,
    "prepaidinsurance": 120,
    "assets": 3434354,
    "duetoofficersorstockholderscurrentandnoncurrent": 2759,
    "accruedprofessionalfeescurrentandnoncurrent": 57027,
    "commissionspayabletobrokerdealersandclearingorganizations": 571,
    "directorsfeespayablecurrentandnoncurrent": 103,
    "liabilities": 60460,
    "limitedpartnerscapitalaccount": 3373894,
    "partnerscapital": 3373894,
    "liabilitiesandstockholdersequity": 3434354,
    "limitedpartnerscapitalaccountunitsoutstanding": 400000,
    "netassetvalueperunit": 8.43,
    "marketvalueperunit": 8.39,
    "investmentownedatfairvalue": 3812638,
    "investmentownedbalancecontracts": 145,
    "unrealizedgainlossonopencommodityfuturesandclearedswapcontracts": -435678,
    "investmentownedbalanceprincipalamount": 100000,
    "investmentownedunderlyingfaceamountatmarketvalue": 100000,
    "percentageofpartnerscapital": -0.1291,
    "investmentownedsubjecttooptionexercisedates": "3/19/2020",
    "debtinstrumentinterestratestatedpercentage": 0.0184,
    "debtinstrumentcollateralamount": 803973,
    "gainlossonsaleofinvestments": -479014,
    "unrealizedgainlossoninvestments": -389575,
    "dividendincomeoperating": 11525,
    "interestincomeoperating": 81092,
    "revenuefromcontractwithcustomerincludingassessedtax": 700,
    "revenues": -775272,
    "managementfeeexpense": 32545,
    "professionalfees": 77834,
    "floorbrokerageexchangeandclearancefees": 1084,
    "noninterestexpensedirectorsfees": 556951,
    "licensefeesandotherofferingexpenses": 651,
    "operatingexpenses": 113357,
    "expensewaiver": 74303,
    "netoperatingexpenses": 39054,
    "netincomeloss": -814326,
    "netincomelossperoutstandinglimitedpartnershipunitbasicnetoftax": -1.83,
    "netincomelossnetoftaxperoutstandinglimitedpartnershipunitdiluted": -1.8,
    "weightedaveragelimitedpartnershipunitsoutstanding": 452329,
    "partnerscapitalaccountredemptions": 1454651,
    "partnerscapitalaccountunitsredeemed": 150000,
    "unrealizedgainlossonderivativesandcommoditycontracts": -389575,
    "increasedecreaseduefromofficersandstockholders": 14346,
    "increasedecreaseindividendsreceivable": -1921,
    "increasedecreaseinaccruedinterestreceivablenet": -42,
    "increasedecreaseinprepaidinsurance": 120,
    "increasedecreaseinotheroperatingassets": -216,
    "increasedecreaseinpayablestobrokerdealers": -81581,
    "increasedecreasemanagementfeespayable": -950,
    "increasedecreaseinprofessionalfeespayable": 5541,
    "increasedecreaseindirectorsfeesandinsurancepayable": -22,
    "increasedecreaseininsuranceliabilities": -516,
    "netcashprovidedbyusedinoperatingactivities": -514566,
    "paymentstopartnershipredemption": 1454651,
    "netcashprovidedbyusedinfinancingactivities": -1454651,
    "cashcashequivalentsrestrictedcashandrestrictedcashequivalentsperiodincreasedecreaseincludingexchangerateeffect": -1969217,
    "cashcashequivalentsrestrictedcashandrestrictedcashequivalents": 3794705,
    "cashandcashequivalentinequityintradingaccounts": 3794705,
    "numberofunitsperbasket": 50000,
    "feepaidperorder": 50000,
    "numberofregisteredunits": 30000000,
    "percentageofcontractualobligatedtopay": 0.0075,
    "basefeepercentage": 0.0006,
    "othergeneralexpense": 77834,
    "percentageofchangeincostsandexpenses": 0.0015,
    "percentageofaveragedailynetassets": 0.8806,
    "basisamountforfeepercentage": 3000000000,
    "custodyfees": 75000,
    "noninterestexpensetransferagentandcustodianfees": 20000,
    "transactionfeespaid": 7,
    "commissionspaid": 7,
    "maximumaggregatecompensationpaidfordistributionrelatedservices": 0.1,
    "depositsmoneymarketdeposits": 500000,
    "deposits": 3294705,
    "totalincomelossperunit": -1.74,
    "totalexpensesperunit": -0.09,
    "increasedecreaseinnetassetvalueperunit": -1.83,
    "rateofreturnonaverageasset": -0.1784,
    "percentageoftotalrevenue": -0.1787,
    "managementincentivefeepercentage": 0.0075,
    "expensesexcludingmanagementfeepercentage": 0.0186,
    "percentagewaiverexpense": -0.0171,
    "expenseexcludingmanagementfeepercentagenet": 0.0015,
    "percentageofconsolidatednetincome": -0.1877,
    "investmentsfairvaluedisclosure": 3289117
  },
  {
    "date": "2018-12-30",
    "symbol": "UNL",
    "period": "FY",
    "documenttype": "10-K",
    "amendmentflag": "false",
    "documentperiodenddate": "2018-12-31",
    "documentfiscalyearfocus": 2018,
    "documentfiscalperiodfocus": "FY",
    "entityregistrantname": "United States 12 Month Natural Gas Fund, LP",
    "entitycentralindexkey": 1405513,
    "currentfiscalyearenddate": "--12-31",
    "entitywellknownseasonedissuer": "No",
    "entityvoluntaryfilers": "No",
    "entitycurrentreportingstatus": "Yes",
    "entityfilercategory": "Non-accelerated Filer",
    "tradingsymbol": "UNL",
    "entityshellcompany": "false",
    "entityemerginggrowthcompany": "false",
    "entitysmallbusiness": "false",
    "cashandcashequivalentsatcarryingvalue": 5167367,
    "cash": 596555,
    "unrealizedgainlossonopencommodityfuturescontracts": 46103,
    "duefromofficersorstockholders": 59956,
    "dividendsreceivable": 2579,
    "interestreceivable": 289,
    "otherassets": 216,
    "assets": 5780859,
    "duetocorrespondentbrokers": 81581,
    "duetoofficersorstockholderscurrentandnoncurrent": 3709,
    "accruedprofessionalfeescurrentandnoncurrent": 51486,
    "commissionspayabletobrokerdealersandclearingorganizations": 571,
    "managementfeepayable": 641,
    "liabilities": 137988,
    "limitedpartnerscapitalaccount": 5642871,
    "partnerscapital": 5642871,
    "liabilitiesandstockholdersequity": 5780859,
    "limitedpartnerscapitalaccountunitsoutstanding": 550000,
    "netassetvalueperunit": 10.26,
    "marketvalueperunit": 10.33,
    "investmentownedatfairvalue": 5685063,
    "investmentownedbalancecontracts": 17,
    "unrealizedgainlossonopencommodityfuturesandclearedswapcontracts": -46103,
    "investmentownedbalanceprincipalamount": 100000,
    "investmentownedunderlyingfaceamountatmarketvalue": 5577527,
    "percentageofpartnerscapital": 0.9884,
    "investmentownedsubjecttooptionexercisedates": "6/27/2019",
    "debtinstrumentcollateralamount": 596555,
    "debtinstrumentinterestratestatedpercentage": 0.0249,
    "gainlossonsaleofinvestments": -11739,
    "unrealizedgainlossoninvestments": 522819,
    "dividendincomeoperating": 24807,
    "interestincomeoperating": 86283,
    "revenuefromcontractwithcustomerincludingassessedtax": 2800,
    "revenues": 624970,
    "managementfeeexpense": 48189,
    "professionalfees": 65849,
    "floorbrokerageexchangeandclearancefees": 1334,
    "noninterestexpensedirectorsfees": 1447,
    "licensefeesandotherofferingexpenses": 964,
    "operatingexpenses": 117783,
    "expensewaiver": 59956,
    "netoperatingexpenses": 57827,
    "netincomeloss": 567143,
    "netincomelossperoutstandinglimitedpartnershipunitbasicnetoftax": 1,
    "netincomelossnetoftaxperoutstandinglimitedpartnershipunitdiluted": 0.84,
    "weightedaveragelimitedpartnershipunitsoutstanding": 671507,
    "partnerscapitalaccountcontributions": 584722,
    "partnerscapitalaccountredemptions": 3843434,
    "partnerscapitalaccountunitscontributed": 50000,
    "partnerscapitalaccountunitsredeemed": 400000,
    "unrealizedgainlossonderivativesandcommoditycontracts": 522819,
    "increasedecreaseduefromofficersandstockholders": -1757,
    "increasedecreaseindividendsreceivable": 260,
    "increasedecreaseinaccruedinterestreceivablenet": 201,
    "increasedecreaseindirectorsfeereceivable": -66,
    "increasedecreaseinotheroperatingassets": 216,
    "increasedecreaseinpayablestobrokerdealers": 81581,
    "increasedecreasemanagementfeespayable": -1784,
    "increasedecreaseinprofessionalfeespayable": -21209,
    "increasedecreaseinbrokeragecommissionspayable": -610,
    "increasedecreaseindirectorsfeesandinsurancepayable": 641,
    "increasedecreaseinlicensefeespayable": -331,
    "netcashprovidedbyusedinoperatingactivities": 103758,
    "proceedsfrompartnershipcontribution": 584722,
    "paymentstopartnershipredemption": 3843434,
    "netcashprovidedbyusedinfinancingactivities": -3258712,
    "cashandcashequivalentsperiodincreasedecrease": -3154954,
    "cashandcashequivalentsandequityintradingaccounts": 5763922,
    "cashandcashequivalentinequityintradingaccounts": 5763922,
    "numberofunitsperbasket": 50000,
    "feepaidperorder": 50000,
    "numberofregisteredunits": 30000000,
    "managementfeedescription": "UNL is&#160;contractually obligated to pay USCF a fee, which is paid monthly, equal to 0.75%&#160;per annum of average daily total net assets.",
    "basefeepercentage": 0.00035,
    "othergeneralexpense": 65000,
    "percentageofchangeincostsandexpenses": 0.0015,
    "percentageofaveragedailynetassets": 0.3831,
    "basisamountforfeepercentage": 1000000000,
    "custodyfees": 75000,
    "noninterestexpensetransferagentandcustodianfees": 20000,
    "transactionfeespaid": 7,
    "commissionspaid": 8,
    "maximumaggregatecompensationpaidfordistributionrelatedservices": 0.1,
    "depositsmoneymarketdeposits": 1600000,
    "deposits": 4163922,
    "totalincomelossperunit": 1.09,
    "totalexpensesperunit": -0.09,
    "increasedecreaseinnetassetvalueperunit": 1,
    "rateofreturnonaverageasset": 0.108,
    "percentageoftotalrevenue": 0.0973,
    "managementincentivefeepercentage": 0.0075,
    "expensesexcludingmanagementfeepercentage": 0.0108,
    "percentagewaiverexpense": -0.0093,
    "expenseexcludingmanagementfeepercentagenet": 0.0015,
    "percentageofconsolidatednetincome": 0.0883,
    "investmentsfairvaluedisclosure": -46103
  }
]