[
  {
    "date": "2022-12-30",
    "symbol": "USO",
    "period": "FY",
    "documenttype": "10-K",
    "documentannualreport": "true",
    "documenttransitionreport": "false",
    "documentperiodenddate": "2022-12-31",
    "entityfilenumber": "001-32834",
    "entityregistrantname": "United States Oil Fund, LP",
    "entityincorporationstatecountrycode": "DE",
    "entitytaxidentificationnumber": "20-2830691",
    "entityaddressaddressline1": "1850 Mt. Diablo Boulevard, Suite 640",
    "entityaddresscityortown": "Walnut Creek",
    "entityaddressstateorprovince": "CA",
    "entityaddresspostalzipcode": 94596,
    "cityareacode": 510,
    "localphonenumber": "522-9600",
    "security12btitle": "Shares of United States Oil Fund, LP",
    "tradingsymbol": "USO",
    "securityexchangename": "NYSEArca",
    "entitywellknownseasonedissuer": "No",
    "entityvoluntaryfilers": "No",
    "entitycurrentreportingstatus": "Yes",
    "entityinteractivedatacurrent": "Yes",
    "entityfilercategory": "Large Accelerated Filer",
    "entitysmallbusiness": "false",
    "entityemerginggrowthcompany": "false",
    "entityshellcompany": "false",
    "entitycentralindexkey": 1327068,
    "currentfiscalyearenddate": "--12-31",
    "documentfiscalyearfocus": 2022,
    "documentfiscalperiodfocus": "FY",
    "amendmentflag": "false",
    "icfrauditorattestationflag": "true",
    "auditorname": "Spicer Jeffries LLP",
    "auditorfirmid": 349,
    "auditorlocation": "Denver, Colorado",
    "cashandcashequivalentsatcarryingvalue": 856400000,
    "cashandcashequivalentsatcarryingvalueinequityintradingaccounts": 1097496501,
    "unrealizedgainlossonopencommodityfuturescontracts": 22185936,
    "unrealizedgainlossonopenswapcontracts": -4145,
    "dividendsreceivable": 3913421,
    "interestreceivable": 2827515,
    "accruedfeesandotherrevenuereceivable": 141644,
    "assets": 1982960872,
    "duetocorrespondentbrokers": 1387987,
    "duetoofficersorstockholderscurrentandnoncurrent": 848801,
    "accruedprofessionalfeescurrentandnoncurrent": 2442050,
    "duetocustody": 1012851,
    "commissionspayabletobrokerdealersandclearingorganizations": 107462,
    "managementfeepayable": 42213,
    "licensefeespayablecurrentandnoncurrent": 104170,
    "liabilities": 5945534,
    "limitedpartnerscapitalaccount": 1977015338,
    "partnerscapital": 1977015338,
    "liabilitiesandstockholdersequity": 1982960872,
    "limitedpartnerscapitalaccountunitsoutstanding": 28223603,
    "netassetvalueperunit": 70.05,
    "marketvalueperunit": 70.11,
    "investmentownedatfairvalue": 341970347,
    "investmentownedbalancecontracts": 4194,
    "investmentownedbalanceprincipalamount": 856400000,
    "investmentownedunderlyingfaceamountatmarketvalue": 856400000,
    "percentageofpartnerscapital": -0.0027,
    "percentageoffundpayscounterparty": 0.0026,
    "investmentownedatcost": 169821721,
    "fairvalueoropencommodityswapcontracts": -169819302,
    "unrealizedgainlossoncommodityswapcontracts": -2419,
    "investmentownedsubjecttooptionexercisedates": "December 31, 2022",
    "collateralamountonopenfuturescontracts": 24260000,
    "investmentinterestrate": 0.0412,
    "investmentownedperiodofyieldonfunds": "P7D",
    "gainlossonsaleofinvestments": 874875947,
    "gainlossonderivativeinstrumentsnetpretax": -13603878,
    "unrealizedgainlossoninvestments": -92251288,
    "unrealizedgainlossonderivatives": -4145,
    "dividendincomeoperating": 17656102,
    "interestincomeoperating": 13808136,
    "revenuefromcontractwithcustomerincludingassessedtax": 231000,
    "revenues": 800711874,
    "managementfeeexpense": 11542406,
    "professionalfees": 1908299,
    "floorbrokerageexchangeandclearancefees": 807322,
    "noninterestexpensedirectorsfees": 828823,
    "otherofferingfee": 384747,
    "operatingexpenses": 15471597,
    "netincomeloss": 785240277,
    "netincomelossperoutstandinglimitedpartnershipunitbasicnetoftax": 15.87,
    "netincomelossnetoftaxperoutstandinglimitedpartnershipunitdiluted": 22.26,
    "weightedaveragelimitedpartnershipunitsoutstanding": 35283055,
    "interestincomemaximumpercentageofpaidinkind": 0.05,
    "partnerscapitalaccountcontributions": 3508243142,
    "partnerscapitalaccountredemptions": 4690627347,
    "partnerscapitalaccountunitscontributed": 48500000,
    "partnerscapitalaccountunitsredeemed": 64100000,
    "unrealizedgainlossonderivativesandcommoditycontracts": -92251288,
    "changeinunrealizedgainlossonopenswapcontracts": -4145,
    "increasedecreaseindividendsreceivable": 3879706,
    "increasedecreaseinaccruedinterestreceivablenet": 2773974,
    "increasedecreaseinprepaidinsurances": 3051,
    "increasedecreaseinpayableduetocustody": 1012851,
    "increasedecreaseinpayablesduetocustomers": 1387987,
    "increasedecreasemanagementfeespayable": -89639,
    "increasedecreaseinprofessionalfeespayable": -1173950,
    "increasedecreaseinpayablestobrokerdealers": -93126,
    "increasedecreaseindirectorsfeespayable": 2124,
    "increasedecreaseinlicensefeespayable": -24770,
    "netcashprovidedbyusedinoperatingactivities": 871862310,
    "proceedsfrompartnershipcontribution": 3508243142,
    "paymentstopartnershipredemption": 4690627347,
    "netcashprovidedbyusedinfinancingactivities": -1182384205,
    "cashcashequivalentsrestrictedcashandrestrictedcashequivalentsperiodincreasedecreaseexcludingexchangerateeffect": -310521895,
    "cashcashequivalentsrestrictedcashandrestrictedcashequivalents": 1953896501,
    "cashandcashequivalentinequityintradingaccounts": 1953896501,
    "numberofsuccessivevaluationdays": "P30D",
    "averagedailypercentagechangeinpriceofbenchmarkfuturescontractconsidered": 0.1,
    "futuresoilcontractsheldforlightandsweetcrudeoiltraded": 21034,
    "numberofunitperbasket": 100000,
    "feepaidperorder": 1000,
    "commonstocksharesissued": 185362500,
    "commonstocksharesoutstanding": 185362500,
    "netassetvaluepershare": 16.35,
    "numberofsharesheldforcontract": 5627000000,
    "percentageofcontractualobligationtopayfee": 0.0045,
    "basefeepercentage": 0.00015,
    "licensefeesandotherofferingexpenses": 384747,
    "othergeneralexpense": 1779300,
    "marketingexpense": 425000,
    "basisamountforfeepercentage": 500000000,
    "ratioofexpensestoaveragenetassets": 0.1,
    "commissionspaid": 7,
    "flatfeespaid": 0.002,
    "percentageofcommissionsaccrued": 0.0003,
    "deposits": 856400000,
    "aggregatecivilpenaltytobepaid": 2500000,
    "paymentsforlegalsettlements": 1250000,
    "totalincomelossperunit": 16.31,
    "totalexpensesperunit": -0.44,
    "increasedecreaseinnetassetvalueperunit": 15.87,
    "rateofreturnonaverageasset": 0.2929,
    "percentageoftotalrevenue": 0.3122,
    "managementincentivefeepercentage": 0.0045,
    "expensesexcludingmanagementfeepercentage": 0.0015,
    "percentageofconsolidatednetincomeloss": 0.3061,
    "investmentsfairvaluedisclosure": 856400000,
    "derivativeinstrumentsnotdesignatedashedginginstrumentsassetatfairvalue": 22185936,
    "otherderivativesnotdesignatedashedginginstrumentsliabilitiesatfairvalue": 4145,
    "gainlossonsaleofderivatives": 874875947
  },
  {
    "date": "2021-12-30",
    "symbol": "USO",
    "period": "FY",
    "documenttype": "10-K",
    "documentannualreport": "true",
    "documenttransitionreport": "false",
    "documentperiodenddate": "2021-12-31",
    "entityfilenumber": "001-32834",
    "entityregistrantname": "United States Oil Fund, LP",
    "entityincorporationstatecountrycode": "DE",
    "entitytaxidentificationnumber": "20-2830691",
    "entityaddressaddressline1": "1850 Mt. Diablo Boulevard, Suite 640",
    "entityaddresscityortown": "Walnut Creek",
    "entityaddressstateorprovince": "CA",
    "entityaddresspostalzipcode": 94596,
    "cityareacode": 510,
    "localphonenumber": "522-9600",
    "entitywellknownseasonedissuer": "No",
    "entityvoluntaryfilers": "No",
    "entitycurrentreportingstatus": "Yes",
    "entityinteractivedatacurrent": "Yes",
    "entityfilercategory": "Large Accelerated Filer",
    "entitysmallbusiness": "false",
    "entityemerginggrowthcompany": "false",
    "entityshellcompany": "false",
    "security12btitle": "Shares of United States Oil Fund, LP",
    "securityexchangename": "NYSEArca",
    "tradingsymbol": "USO",
    "entitycentralindexkey": 1327068,
    "currentfiscalyearenddate": "--12-31",
    "documentfiscalyearfocus": 2021,
    "documentfiscalperiodfocus": "FY",
    "amendmentflag": "false",
    "icfrauditorattestationflag": "true",
    "auditorname": "Spicer Jeffries LLP",
    "auditorfirmid": 349,
    "auditorlocation": "Denver, Colorado",
    "cashandcashequivalentsatcarryingvalue": 1565100289,
    "cashandcashequivalentsatcarryingvalueinequityintradingaccounts": 699318107,
    "unrealizedgainlossonopencommodityfuturescontracts": 114437224,
    "dividendsreceivable": 33715,
    "interestreceivable": 53541,
    "accruedfeesandotherrevenuereceivable": 144695,
    "assets": 2379087571,
    "duetoofficersorstockholderscurrentandnoncurrent": 938440,
    "accruedprofessionalfeescurrentandnoncurrent": 3616000,
    "commissionspayabletobrokerdealersandclearingorganizations": 200588,
    "managementfeepayable": 44337,
    "licensefeespayablecurrentandnoncurrent": 128940,
    "liabilities": 4928305,
    "limitedpartnerscapitalaccount": 2374159266,
    "partnerscapital": 2374159266,
    "liabilitiesandstockholdersequity": 2379087571,
    "limitedpartnerscapitalaccountunitsoutstanding": 43823603,
    "netassetvalueperunit": 54.18,
    "marketvalueperunit": 54.36,
    "investmentownedatfairvalue": 450997278,
    "investmentownedbalancecontracts": 6313,
    "investmentownedbalanceprincipalamount": 31002000,
    "investmentownedunderlyingfaceamountatmarketvalue": 31002000,
    "percentageofpartnerscapital": 0.01,
    "debtinstrumentinterestratestatedpercentage": 0.0003,
    "investmentownedsubjecttooptionexercisedates": "December 31, 2021",
    "collateralamountonopenfuturescontracts": 699318107,
    "investmentownedperiodofyieldonfunds": "P7D",
    "gainlossonsaleofinvestments": 1911763583,
    "unrealizedgainlossoninvestments": -287006734,
    "dividendincomeoperating": 431883,
    "interestincomeoperating": 869933,
    "revenuefromcontractwithcustomerincludingassessedtax": 169000,
    "revenues": 1626227665,
    "managementfeeexpense": 13383302,
    "professionalfees": 6994549,
    "floorbrokerageexchangeandclearancefees": 1123971,
    "noninterestexpensedirectorsfees": 745448,
    "licensefeesandotherofferingexpenses": 446110,
    "registrationfeesandotherofferingexpenses": 1260041,
    "operatingexpenses": 23953421,
    "netincomeloss": 1602274244,
    "netincomelossperoutstandinglimitedpartnershipunitbasicnetoftax": 21.11,
    "netincomelossnetoftaxperoutstandinglimitedpartnershipunitdiluted": 24.54,
    "weightedaveragelimitedpartnershipunitsoutstanding": 65289630,
    "partnerscapitalaccountcontributions": 1239249023,
    "partnerscapitalaccountredemptions": 4092581747,
    "partnerscapitalaccountunitscontributed": 26000000,
    "partnerscapitalaccountunitsredeemed": 91800000,
    "unrealizedgainlossonderivativesandcommoditycontracts": -287006734,
    "increasedecreaseindividendsreceivable": 30032,
    "increasedecreaseinaccruedinterestreceivablenet": -107416,
    "increasedecreaseinaccountsreceivablerelatedparties": 106243,
    "increasedecreaseinprepaidexpense": -1260041,
    "increasedecreaseinotherincome": 2000,
    "increasedecreaseinpayablesduetocustomers": -23667355,
    "increasedecreasemanagementfeespayable": -469125,
    "increasedecreaseinprofessionalfeespayable": 1712827,
    "increasedecreaseinpayablestobrokerdealers": -123270,
    "increasedecreaseindirectorsfeespayable": 7712,
    "increasedecreaseinlicensefeespayable": -40723,
    "netcashprovidedbyusedinoperatingactivities": 1867918802,
    "proceedsfrompartnershipcontribution": 1239249023,
    "paymentstopartnershipredemption": 4151987568,
    "netcashprovidedbyusedinfinancingactivities": -2912738545,
    "cashcashequivalentsrestrictedcashandrestrictedcashequivalentsperiodincreasedecreaseexcludingexchangerateeffect": -1044819743,
    "cashcashequivalentsrestrictedcashandrestrictedcashequivalents": 2264418396,
    "cashandcashequivalentinequityintradingaccounts": 2264418396,
    "numberofsuccessivevaluationdays": "P30D",
    "averagedailypercentagechangeinpriceofbenchmarkfuturescontractconsidered": 0.1,
    "numberofunitperbasket": 100000,
    "feepaidperorder": 1000,
    "commonstocksharesissued": 185362500,
    "commonstocksharesoutstanding": 185362500,
    "limitedpartnerscapitalaccountunitsauthorized": 5627000000,
    "percentageofcontractualobligationtopayfee": 0.0045,
    "basefeepercentage": 0.00015,
    "othergeneralexpense": 6800000,
    "marketingexpense": 425000,
    "basisamountforfeepercentage": 500000000,
    "ratioofexpensestoaveragenetassets": 0.1,
    "commissionspaid": 7,
    "percentageofaveragedailynetassets": 0.0004,
    "deposits": 719884396,
    "totalincomelossperunit": 21.48,
    "totalexpensesperunit": -0.37,
    "increasedecreaseinnetassetvalueperunit": 21.11,
    "rateofreturnonaverageasset": 0.6383,
    "percentageoftotalrevenue": 0.5468,
    "managementincentivefeepercentage": 0.0045,
    "expensesexcludingmanagementfeepercentage": 0.0036,
    "percentageofconsolidatednetincomeloss": 0.5387,
    "investmentsfairvaluedisclosure": 1544534000,
    "otherderivativesnotdesignatedashedginginstrumentsatfairvaluenet": 114437224,
    "gainlossonsaleofderivatives": 1911763583
  },
  {
    "date": "2020-12-30",
    "symbol": "USO",
    "period": "FY",
    "documenttype": "10-K",
    "documentannualreport": "true",
    "documentperiodenddate": "2020-12-31",
    "documenttransitionreport": "false",
    "entityfilenumber": "001-32834",
    "entityregistrantname": "United States Oil Fund, LP",
    "entityincorporationstatecountrycode": "DE",
    "entitytaxidentificationnumber": "20-2830691",
    "entityaddressaddressline1": "1850 Mt. Diablo Boulevard, Suite 640",
    "entityaddresscityortown": "Walnut Creek",
    "entityaddressstateorprovince": "CA",
    "entityaddresspostalzipcode": 94596,
    "cityareacode": 510,
    "localphonenumber": "522-9600",
    "entitywellknownseasonedissuer": "No",
    "entityvoluntaryfilers": "No",
    "entitycurrentreportingstatus": "Yes",
    "entityinteractivedatacurrent": "Yes",
    "entityfilercategory": "Large Accelerated Filer",
    "entitysmallbusiness": "false",
    "entityemerginggrowthcompany": "false",
    "entityshellcompany": "false",
    "security12btitle": "Shares of United States Oil Fund, LP",
    "securityexchangename": "NYSEArca",
    "tradingsymbol": "USO",
    "entitycentralindexkey": 1327068,
    "currentfiscalyearenddate": "--12-31",
    "documentfiscalyearfocus": 2020,
    "documentfiscalperiodfocus": "FY",
    "amendmentflag": "false",
    "icfrauditorattestationflag": "true",
    "cashandcashequivalentsatcarryingvalue": 2585466700,
    "cashandcashequivalentsatcarryingvalueinequityintradingaccounts": 723771439,
    "unrealizedgainlossonopencommodityfuturescontracts": 401443958,
    "dividendsreceivable": 3683,
    "interestreceivable": 160957,
    "accruedfeesandotherrevenuereceivable": 38452,
    "prepaidexpensecurrentandnoncurrent": 1260041,
    "otherreceivables": 2000,
    "assets": 3712147230,
    "duetocorrespondentbrokers": 23667355,
    "payableforsharesredeemed": 59405821,
    "duetoofficersorstockholderscurrentandnoncurrent": 1407565,
    "accruedprofessionalfeescurrentandnoncurrent": 1903173,
    "commissionspayabletobrokerdealersandclearingorganizations": 323858,
    "managementfeepayable": 52049,
    "licensefeespayablecurrentandnoncurrent": 169663,
    "liabilities": 86929484,
    "limitedpartnerscapitalaccount": 3625217746,
    "partnerscapital": 3625217746,
    "liabilitiesandstockholdersequity": 3712147230,
    "limitedpartnerscapitalaccountunitsoutstanding": 109623603,
    "netassetvalueperunit": 33.07,
    "marketvalueperunit": 33.01,
    "investmentownedatfairvalue": 632796307,
    "investmentownedbalancecontracts": 14943,
    "investmentownedbalanceprincipalamount": 10002000,
    "investmentownedunderlyingfaceamountatmarketvalue": 10002000,
    "percentageofpartnerscapital": 0.0254,
    "collateralamountonopenfuturescontracts": 723771439,
    "investmentinterestrate": 0.0001,
    "investmentownedperiodofyieldonfunds": "P7D",
    "gainlossonsaleofinvestments": -2251576260,
    "unrealizedgainlossoninvestments": 363923391,
    "dividendincomeoperating": 1949571,
    "interestincomeoperating": 8528581,
    "revenuefromcontractwithcustomerincludingassessedtax": 289546,
    "revenues": -1876885171,
    "managementfeeexpense": 15388313,
    "professionalfees": 2694975,
    "floorbrokerageexchangeandclearancefees": 6104865,
    "noninterestexpensedirectorsfees": 391372,
    "licensefeesandotherofferingexpenses": 512944,
    "registrationfeesandotherofferingexpenses": 3203939,
    "operatingexpenses": 28296408,
    "netincomeloss": -1905181579,
    "netincomelossperoutstandinglimitedpartnershipunitbasicnetoftax": -69.2,
    "netincomelossnetoftaxperoutstandinglimitedpartnershipunitdiluted": -16.61,
    "weightedaveragelimitedpartnershipunitsoutstanding": 114667411,
    "partnerscapitalaccountcontributions": 8030979653,
    "partnerscapitalaccountredemptions": 3671556586,
    "partnerscapitalaccountunitscontributed": 207062500,
    "partnerscapitalaccountunitsredeemed": 108888897,
    "unrealizedgainlossonderivativesandcommoditycontracts": 363923391,
    "increasedecreaseindividendsreceivable": -2200,
    "increasedecreaseinaccruedinterestreceivablenet": 132758,
    "increasedecreaseinaccountsreceivablerelatedparties": -817,
    "increasedecreaseinprepaidexpense": 1185800,
    "increasedecreaseinpayablesduetocustomers": 14846706,
    "increasedecreasemanagementfeespayable": 939671,
    "increasedecreaseinprofessionalfeespayable": 449177,
    "increasedecreaseinpayablestobrokerdealers": 233897,
    "increasedecreaseindirectorsfeespayable": -8661,
    "increasedecreaseinlicensefeespayable": 129894,
    "netcashprovidedbyusedinoperatingactivities": -2253812505,
    "proceedsfrompartnershipcontribution": 8030979653,
    "paymentstopartnershipredemption": 3644174420,
    "netcashprovidedbyusedinfinancingactivities": 4386805233,
    "cashcashequivalentsrestrictedcashandrestrictedcashequivalentsperiodincreasedecreaseexcludingexchangerateeffect": 2132992728,
    "cashcashequivalentsrestrictedcashandrestrictedcashequivalents": 3309238139,
    "cashandcashequivalentinequityintradingaccounts": 3309238139,
    "commonstocksharesissued": 185362500,
    "commonstocksharesoutstanding": 185362500,
    "feepaidperorder": 1000,
    "limitedpartnerscapitalaccountunitsauthorized": 5627000000,
    "numberofunitperbasket": 100000,
    "percentageofcontractualobligationtopayfee": 0.0045,
    "basefeepercentage": 0.00015,
    "othergeneralexpense": 2200000,
    "marketingexpense": 425000,
    "basisamountforfeepercentage": 500000000,
    "commissionspaid": 7,
    "ratioofexpensestoaveragenetassets": 0.1,
    "percentageofaveragedailynetassets": 0.0018,
    "deposits": 418534000,
    "totalincomelossperunit": -68.95,
    "totalexpensesperunit": -0.25,
    "increasedecreaseinnetassetvalueperunit": -69.2,
    "rateofreturnonaverageasset": -0.6766,
    "percentageoftotalrevenue": -0.5488,
    "managementincentivefeepercentage": 0.0045,
    "expensesexcludingmanagementfeepercentage": 0.0038,
    "percentageofconsolidatednetincomeloss": -0.5571,
    "investmentsfairvaluedisclosure": 418534000,
    "otherderivativesnotdesignatedashedginginstrumentsatfairvaluenet": 401443958,
    "gainlossonsaleofderivatives": -2251576260
  },
  {
    "date": "2019-12-30",
    "symbol": "USO",
    "period": "FY",
    "documenttype": "10-K",
    "documentannualreport": "true",
    "documentperiodenddate": "2019-12-31",
    "documenttransitionreport": "false",
    "entityfilenumber": "001-32834",
    "entityregistrantname": "United States Oil Fund, LP",
    "entityincorporationstatecountrycode": "DE",
    "entitytaxidentificationnumber": "20-2830691",
    "entityaddressaddressline1": "1850 Mt. Diablo Boulevard, Suite 640",
    "entityaddresscityortown": "Walnut Creek",
    "entityaddressstateorprovince": "CA",
    "entityaddresspostalzipcode": 94596,
    "cityareacode": 510,
    "localphonenumber": "522-9600",
    "entitywellknownseasonedissuer": "No",
    "entityvoluntaryfilers": "No",
    "entitycurrentreportingstatus": "Yes",
    "entityinteractivedatacurrent": "Yes",
    "entityfilercategory": "Large Accelerated Filer",
    "entitysmallbusiness": "false",
    "entityemerginggrowthcompany": "false",
    "entityshellcompany": "false",
    "security12btitle": "Shares of United States Oil Fund, LP",
    "securityexchangename": "NYSEArca",
    "tradingsymbol": "USO",
    "entitycentralindexkey": 1327068,
    "currentfiscalyearenddate": "--12-31",
    "documentfiscalyearfocus": 2019,
    "documentfiscalperiodfocus": "FY",
    "amendmentflag": "false",
    "cashandcashequivalentsatcarryingvalue": 1026973397,
    "cashandcashequivalentsatcarryingvalueinequityintradingaccounts": 149272014,
    "unrealizedgainlossonopencommodityfuturescontracts": 37520567,
    "dividendsreceivable": 5883,
    "interestreceivable": 28199,
    "accruedfeesandotherrevenuereceivable": 39269,
    "prepaidexpensecurrentandnoncurrent": 74241,
    "otherreceivables": 2000,
    "assets": 1213915570,
    "duetocorrespondentbrokers": 8820649,
    "payableforsharesredeemed": 32023655,
    "duetoofficersorstockholderscurrentandnoncurrent": 467894,
    "accruedprofessionalfeescurrentandnoncurrent": 1453996,
    "commissionspayabletobrokerdealersandclearingorganizations": 89961,
    "managementfeepayable": 43388,
    "licensefeespayablecurrentandnoncurrent": 39769,
    "liabilities": 42939312,
    "limitedpartnerscapitalaccount": 1170976258,
    "partnerscapital": 1170976258,
    "liabilitiesandstockholdersequity": 1213915570,
    "limitedpartnerscapitalaccountunitsoutstanding": 91600000,
    "netassetvalueperunit": 12.78,
    "marketvalueperunit": 12.81,
    "investmentownedatfairvalue": 1133488110,
    "investmentownedbalancecontracts": 19178,
    "investmentownedbalanceprincipalamount": 25000000,
    "investmentownedunderlyingfaceamountatmarketvalue": 24998594,
    "percentageofpartnerscapital": 0.032,
    "debtinstrumentinterestratestatedpercentage": 0.0205,
    "investmentownedsubjecttooptionexercisedates": "1/02/2020",
    "collateralamountonopenfuturescontracts": 149272014,
    "gainlossonsaleofinvestments": 220179889,
    "unrealizedgainlossoninvestments": 231913525,
    "tradingsecuritiesrealizedgainloss": 11258,
    "dividendincomeoperating": 2957196,
    "interestincomeoperating": 29461116,
    "revenuefromcontractwithcustomerincludingassessedtax": 312000,
    "revenues": 484834984,
    "managementfeeexpense": 6461273,
    "professionalfees": 1440997,
    "floorbrokerageexchangeandclearancefees": 2423017,
    "noninterestexpensedirectorsfees": 333741,
    "licensefeesandotherofferingexpenses": 215376,
    "registrationfeesandotherofferingexpenses": 504876,
    "operatingexpenses": 11379280,
    "netincomeloss": 473455704,
    "netincomelossperoutstandinglimitedpartnershipunitbasicnetoftax": 3.19,
    "netincomelossnetoftaxperoutstandinglimitedpartnershipunitdiluted": 3.9,
    "weightedaveragelimitedpartnershipunitsoutstanding": 121247671,
    "partnerscapitalaccountcontributions": 3196742422,
    "partnerscapitalaccountredemptions": 3967683580,
    "partnerscapitalaccountunitscontributed": 273100000,
    "partnerscapitalaccountunitsredeemed": 334700000,
    "unrealizedgainlossonderivativesandcommoditycontracts": 231913525,
    "increasedecreaseindividendsreceivable": -138151,
    "increasedecreaseinaccruedinterestreceivablenet": -831,
    "increasedecreaseinaccountsreceivablerelatedparties": 7571,
    "increasedecreaseinprepaidexpense": -504876,
    "increasedecreaseinpayablesduetocustomers": 8820649,
    "increasedecreasemanagementfeespayable": -116084,
    "increasedecreaseinprofessionalfeespayable": -287285,
    "increasedecreaseindirectorsfeespayable": -441,
    "increasedecreaseinlicensefeespayable": -13869,
    "netcashprovidedbyusedinoperatingactivities": 250582318,
    "proceedsfrompartnershipcontribution": 3218764872,
    "paymentstopartnershipredemption": 3950037755,
    "netcashprovidedbyusedinfinancingactivities": -731272883,
    "cashcashequivalentsrestrictedcashandrestrictedcashequivalentsperiodincreasedecreaseexcludingexchangerateeffect": -480690565,
    "cashcashequivalentsrestrictedcashandrestrictedcashequivalents": 1176245411,
    "cashandcashequivalentinequityintradingaccounts": 1176245411,
    "feepaidperorder": 1000,
    "limitedpartnerscapitalaccountunitsauthorized": 3227000000,
    "numberofunitperbasket": 100000,
    "percentageofcontractualobligationtopayfee": 0.0045,
    "basefeepercentage": 0.00015,
    "othergeneralexpense": 1440997,
    "marketingexpense": 425000,
    "basisamountforfeepercentage": 500000000,
    "custodyfees": 75000,
    "noninterestexpensetransferagentandcustodianfees": 20000,
    "transactionfeespaid": 7,
    "commissionspaid": 7,
    "ratioofexpensestoaveragenetassets": 0.1,
    "percentageofaveragedailynetassets": 0.0017,
    "deposits": 20000000,
    "totalincomelossperunit": 3.28,
    "totalexpensesperunit": -0.09,
    "increasedecreaseinnetassetvalueperunit": 3.19,
    "rateofreturnonaverageasset": 0.3326,
    "percentageoftotalrevenue": 0.3377,
    "managementincentivefeepercentage": 0.0045,
    "expensesexcludingmanagementfeepercentage": 0.0034,
    "percentageofconsolidatednetincomeloss": 0.3297,
    "investmentsfairvaluedisclosure": 1175542347,
    "otherderivativesnotdesignatedashedginginstrumentsatfairvaluenet": 37520567,
    "gainlossonsaleofderivatives": 220179889
  },
  {
    "date": "2018-12-30",
    "symbol": "USO",
    "period": "FY",
    "documenttype": "10-K",
    "amendmentflag": "false",
    "documentperiodenddate": "2018-12-31",
    "documentfiscalyearfocus": 2018,
    "documentfiscalperiodfocus": "FY",
    "entityregistrantname": "United States Oil Fund, LP",
    "entitycentralindexkey": 1327068,
    "currentfiscalyearenddate": "--12-31",
    "entitywellknownseasonedissuer": "No",
    "entityvoluntaryfilers": "No",
    "entitycurrentreportingstatus": "Yes",
    "entityfilercategory": "Large Accelerated Filer",
    "tradingsymbol": "USO",
    "entityshellcompany": "false",
    "entityemerginggrowthcompany": "false",
    "entitysmallbusiness": "false",
    "cashandcashequivalentsatcarryingvalue": 1223159803,
    "cash": 433776173,
    "unrealizedgainlossonopencommodityfuturescontracts": -194392958,
    "receivableforunitssold": 22022450,
    "dividendsreceivable": 144034,
    "interestreceivable": 29030,
    "prepaidexpensecurrentandnoncurrent": 579117,
    "otherreceivables": 2000,
    "assets": 1485319649,
    "payableforsharesredeemed": 14377830,
    "duetoofficersorstockholderscurrentandnoncurrent": 583978,
    "accruedprofessionalfeescurrentandnoncurrent": 1741281,
    "commissionspayabletobrokerdealersandclearingorganizations": 89961,
    "managementfeepayable": 11249,
    "licensefeespayablecurrentandnoncurrent": 53638,
    "liabilities": 16857937,
    "limitedpartnerscapitalaccount": 1468461712,
    "partnerscapital": 1468461712,
    "liabilitiesandstockholdersequity": 1485319649,
    "limitedpartnerscapitalaccountunitsoutstanding": 153200000,
    "netassetvalueperunit": 9.59,
    "marketvalueperunit": 9.66,
    "investmentownedatfairvalue": 1662952358,
    "investmentownedbalancecontracts": 32340,
    "investmentownedbalanceprincipalamount": 35000000,
    "investmentownedunderlyingfaceamountatmarketvalue": 1334416220,
    "percentageofpartnerscapital": 0.9087,
    "debtinstrumentinterestratestatedpercentage": 0.0249,
    "investmentownedsubjecttooptionexercisedates": "6/27/2019",
    "collateralamountonopenfuturescontracts": 433776173,
    "gainlossonsaleofinvestments": 1603334,
    "unrealizedgainlossoninvestments": -312173308,
    "tradingsecuritiesrealizedgainloss": -3070,
    "dividendincomeoperating": 2213034,
    "interestincomeoperating": 29889589,
    "revenuefromcontractwithcustomerincludingassessedtax": 358000,
    "revenues": -278112421,
    "managementfeeexpense": 8147165,
    "professionalfees": 1539401,
    "floorbrokerageexchangeandclearancefees": 2538611,
    "noninterestexpensedirectorsfees": 316185,
    "licensefeesandotherofferingexpenses": 271572,
    "registrationfeesandotherofferingexpenses": 349290,
    "operatingexpenses": 13162224,
    "netincomeloss": -291274645,
    "netincomelossperoutstandinglimitedpartnershipunitbasicnetoftax": -2.49,
    "netincomelossnetoftaxperoutstandinglimitedpartnershipunitdiluted": -2.13,
    "weightedaveragelimitedpartnershipunitsoutstanding": 137006575,
    "partnerscapitalaccountcontributions": 3972118855,
    "partnerscapitalaccountredemptions": 4231913908,
    "partnerscapitalaccountunitscontributed": 307500000,
    "partnerscapitalaccountunitsredeemed": 321500000,
    "unrealizedgainlossonderivativesandcommoditycontracts": -312173308,
    "increasedecreaseindividendsreceivable": -10305,
    "increasedecreaseinaccruedinterestreceivablenet": -3152,
    "increasedecreaseinprepaidexpense": -349290,
    "increasedecreaseinpayablesduetocustomers": -57283329,
    "increasedecreasemanagementfeespayable": -215644,
    "increasedecreaseinprofessionalfeespayable": -317442,
    "increasedecreaseinpayablestobrokerdealers": -98000,
    "increasedecreaseinduetoofficersandstockholders": -10539,
    "increasedecreaseinlicensefeespayable": -21487,
    "netcashprovidedbyusedinoperatingactivities": -36685031,
    "proceedsfrompartnershipcontribution": 3988747637,
    "paymentstopartnershipredemption": 4286383585,
    "netcashprovidedbyusedinfinancingactivities": -297635948,
    "cashandcashequivalentsperiodincreasedecrease": -334320979,
    "cashandcashequivalentsandequityintradingaccounts": 1656935976,
    "cashandcashequivalentinequityintradingaccounts": 1656935976,
    "feepaidperorder": 1000,
    "limitedpartnerscapitalaccountunitsauthorized": 3127000000,
    "numberofunitperbasket": 100000,
    "managementfeedescription": "USO is&#160;contractually obligated to pay USCF a fee, which is paid monthly, equal to 0.45%&#160;per annum of average daily total net assets.",
    "basefeepercentage": 0.00035,
    "othergeneralexpense": 1500000,
    "percentageofaveragedailynetassets": 0.1549,
    "marketingexpense": 425000,
    "basisamountforfeepercentage": 1000000000,
    "custodyfees": 75000,
    "noninterestexpensetransferagentandcustodianfees": 20000,
    "transactionfeespaid": 15,
    "commissionspaid": 8,
    "ratioofexpensestoaveragenetassets": 0.1,
    "deposits": 1604935976,
    "totalincomelossperunit": -2.39,
    "totalexpensesperunit": -0.1,
    "increasedecreaseinnetassetvalueperunit": -2.49,
    "rateofreturnonaverageasset": -0.2061,
    "percentageoftotalrevenue": -0.1536,
    "managementincentivefeepercentage": 0.0045,
    "expensesexcludingmanagementfeepercentage": 0.0028,
    "percentageofconsolidatednetincomeloss": -0.1609,
    "investmentsfairvaluedisclosure": -194392958,
    "derivativeinstrumentsnotdesignatedashedginginstrumentsassetatfairvalue": -194392958,
    "gainlossonsaleofderivatives": 1603334
  }
]